2622 3522
425 211 524 268 106
1030 211 1075 260 D
1149 225 1170 259 1
1245 228 1276 261 A
1346 227 1379 262 τ
1452 231 1482 263 R
1557 229 1576 263 1
1646 230 1674 264 a
1745 222 1782 264 Α·
2250 260 2254 263 .

413 273 638 336 stribere,
680 286 923 344 propterea
960 277 1080 343 quod
1117 295 1193 326 eos
1230 280 1429 329 nondum
1466 292 1645 330 notatos
1685 279 2056 348 deprehenderim
2079 318 2103 339 .,
2129 284 2200 334 Ibi
2235 302 2278 336 n.
2320 304 2385 353 54

417 345 686 411 pontificem
726 345 1037 410 reprehendit,
1063 346 1183 411 quod
1222 346 1268 394 in
1308 347 1383 396 sua
1417 350 1557 397 domo
1594 347 1833 399 dedicanda
1869 365 2008 398 mente
2042 370 2089 399 ac
2127 354 2285 414 lingua
2322 359 2384 404 ti·

413 417 594 462 tubante
631 413 730 461 usus
767 413 902 462 esset.
939 416 1067 462 Tum
1102 415 1148 461 &
1186 415 1408 465 Clodium
1447 417 1642 466 eiusdem
1686 417 1795 466 vitii
1833 417 2035 468 accusat:
2074 420 2386 483 Praesertim,

411 481 566 546 inquit
595 500 719 538 ,curn
759 481 834 537 iste
871 483 1071 547 impurus
1108 497 1236 546 atque
1274 485 1434 547 impius
1469 488 1600 544 hostis·
1634 487 1891 547 religionum
1925 490 2120 533 omnium
2143 521 2155 533 .
2192 521 2204 533 .
2241 522 2253 535 .
2275 509 2376 554 age-

406 564 475 597 ret
512 551 642 595 illam
683 568 768 596 rent
806 550 874 596 ita
913 551 1073 613 raptim
1112 553 1170 597 (9⁴
1205 555 1480 610 turbulente,
1517 569 1567 601 ut
1603 572 1742 617 neque
1770 573 2073 618 mens‘,neque
2110 575 2381 621 vox,neque

411 619 570 679 lingua
609 617 851 674 consisteret
877 653 891 664 .
926 620 1135 665 Delaturn
1175 633 1268 665 turn
1304 621 1360 677 est
1391 623 1452 668 ad
1485 639 1568 669 vos
1598 623 1829 685 pontifices
1863 657 1874 668 .
1912 656 1925 669 .
1960 657 1972 668 .
2009 626 2391 685 quemadmodum

407 684 486 740 isle
515 685 808 748 praeposteris
844 686 999 733 verbis
1022 721 1036 744 ,
1069 686 1283 734 ominibus
1319 690 1510 749 obscenis
1535 726 1547 747 ,
1610 690 1854 737 identidem
1878 689 1927 750 se
1963 690 2059 753 ipse
2088 693 2332 739 revocando
2370 727 2389 751 ‚

406 752 656 810 dubitans,
691 753 881 811 timens,
915 753 1162 812 haesitans,
1201 758 1351 803 omnia
1383 759 1547 814 aliter,
1585 775 1635 804 ac
1668 775 1750 804 vos
1782 758 1826 804 in
1864 759 2150 806 monumentis
2186 759 2380 824 habetis,

403 821 464 868 (9⁰
497 822 830 881 pronuntiarit,
864 823 922 869 ἴθ’
950 819 1108 880 fecerit
1130 856 1140 868 .
1178 822 1262 871 Sed
1299 825 1343 872 &
1380 824 1725 874 tremebundam·
1771 842 1958 873 manum
1999 824 2046 873 i'n
2093 825 2213 890 poste
2252 844 2386 892 pren.

401 886 537 935 fando
561 924 576 945 ,
611 888 743 935 credo
780 888 901 952 quod
941 890 1225 953 perturbatae
1260 891 1429 939 mentis
1464 891 1573 940 effet
1608 891 1838 940 indicium
1885 930 1898 951 ‚
1963 893 2087 942 nihil
2120 894 2286 960 egisse,
2324 912 2385 945 ex

402 955 557 1003 eadem
596 955 801 1003 oratione
838 974 881 1004 n.
919 973 983 1017 52
1020 956 1221 1004 addidici
1250 964 1384 1007 :Aut
1406 959 1690 1024 ‚inquit‚.fi
1726 963 1846 1008 dixit
1880 963 2060 1025 aliquid
2095 963 2245 1010 verbis
2283 966 2381 1011 hae.

393 1024 641 1081 ¹litantic'ms
664 1060 676 1082 ,
705 1024 943 1088 pellemque
976 1027 1257 1073 tremebunda
1294 1046 1424 1075 manu
1463 1030 1614 1090 tetigit
1636 1047 1657 1075 .·
1691 1045 1803 1075 certe
1838 1031 1954 1076 nibil
1995 1032 2112 1087 rite,
2152 1031 2269 1076 nihil
2305 1050 2380 1078 ca-

402 1092 495 1151 ste,
532 1092 647 1137 nihil
685 1111 792 1139 more
828 1093 1105 1156 institutoque
1139 1094 1316 1156 perfecit
1357 1130 1370 1142 .
1406 1099 1517 1143 Sane
1556 1114 1644 1143 non
1683 1095 1924 1144 immerito
1961 1097 2187 1162 hodieque
2223 1099 2382 1146 Eccle-

412 1158 495 1207 fiae
533 1159 784 1207 catholicae
819 1159 1046 1208 sacrorum
1084 1161 1307 1210 antistites
1343 1163 1560 1230 religioni
1601 1164 1678 1212 fibi
1718 1164 1890 1212 ducunt
1928 1164 2247 1226 mysteriorum
2288 1165 2382 1214 for·

412 1228 560 1275 mulas
597 1244 690 1274 non
724 1240 877 1276 mente
911 1239 1080 1276 attenta
1118 1230 1162 1275 8<
1200 1230 1447 1291 constanti,
1483 1232 1671 1299 linguae
1706 1249 1814 1283 vero
1851 1247 2081 1283 accuratae
2118 1232 2386 1282 ministerio

412 1293 706 1343 disertiffime
742 1294 978 1344 enuntiare
999 1331 1015 1342 ,χ

554 1364 758 1413 XXXIII
797 1365 921 1411 Haec
959 1364 1011 1411 de
1050 1368 1330 1431 templorum
1370 1365 1682 1417 sacrandorum
1723 1367 1818 1417 ritu
1843 1404 1855 1416 .
1895 1369 1978 1417 Sed
2014 1369 2060 1415 δὲ
2096 1386 2200 1416 cum
2244 1368 2384 1418 alicu·

413 1427 488 1479 ius
525 1429 640 1480 bona
676 1431 724 1478 in
759 1430 1103 1481 detestationem
1142 1433 1513 1484 consecrabantur
1539 1473 1553 1496 ,
1603 1437 1775 1502 postem
1814 1435 2056 1503 aliquando
2092 1436 2234 1485 teneri
2272 1455 2380 1486 con·

413 1497 640 1557 sueviffe,
674 1499 721 1547 &
757 1500 892 1548 verba
928 1499 1167 1549 sollemnia
1202 1503 1488 1568 pronuntiari
1523 1522 1582 1553 ex
1621 1504 1681 1553 iis
1711 1542 1724 1565 ‚
1772 1522 1886 1571 quae
1925 1504 2064 1553 r'nodo
2097 1521 2122 1550 e
2156 1505 2384 1554 Cicerone

411 1566 694 1624 recitavi‚&
730 1567 836 1616 aliis
872 1567 1071 1617 eiusdem
1109 1570 1335 1618 orationis
1372 1572 1486 1621 locis
1526 1572 1696 1621 coniici
1734 1573 2006 1638 potes’nSed
2043 1583 2145 1619 tum-
2178 1573 2384 1632 demum,

419 1634 610 1699 opinor,
647 1652 752 1682 cum
791 1635 974 1702 praedia·
1005 1635 1086 1684 illa
1125 1655 1216 1685 non
1253 1638 1398 1688 solum
1436 1641 1838 1698 consecrabantur,
1876 1641 1945 1689 sed
1982 1643 2030 1688 δε
2064 1658 2167 1698 ara,
2200 1641 2381 1706 signove

416 1702 563 1766 pofito
584 1739 599 1762 ,
633 1703 774 1751 alicui
813 1707 914 1751 Deo
949 1704 1317 1773 dedicabantur3
1351 1719 1400 1754 ut
1435 1709 1691 1758 Libertatis
1728 1709 1899 1776 signum
1940 1709 1988 1756 in
2024 1707 2213 1756 aedibus
2244 1707 2383 1757 Cice·

413 1769 541 1818 tonis
574 1770 771 1819 Clodius
807 1771 990 1838 posuit.
1026 1776 1094 1821 Et<
1125 1792 1181 1822 eo
1217 1773 1412 1839 spefflare
1447 1789 1601 1841 putem
1652 1778 1733 1826 illa
1771 1776 2015 1828 Ciceronis
2053 1776 2189 1824 verba
2223 1778 2380 1826 eadem

413 1854 480 1885 or.
520 1855 562 1885 n.
600 1855 697 1901 45⁹:
737 1844 942 1905 Ergone,
978 1843 1242 1905 pontifices,
1266 1846 1476 1905 putatis,
1500 1847 1545 1903 st
1582 1848 1622 1893 is
1650 1845 1807 1911 postem
1843 1846 2032 1895 tenuerit
2057 1881 2070 1902 ,
2107 1847 2169 1891 (Υ
2201 1846 2380 1909 aliquid

413 1906 580 1954 dixerit
614 1943 630 1966 ‚
680 1910 850 1955 domum
885 1910 1219 1974 uniuscuiusque
1258 1911 1488 1970 consecrari
1519 1913 1676 1977 poffe?
1730 1917 1812 1961 An
1851 1916 1959 1972 istae
1993 1912 2284 1960 dedicationes
2322 1915 2383 1961 (9⁰

413 1977 671 2039 templorum
698 2012 710 2034 ‚
769 1979 829 2024 (9‘
878 1979 1155 2025 delubrorum
1194 1980 1428 2043 religiones
1468 1983 1532 2028 ad
1564 1984 1760 2031 honorem
1797 1987 1987 2031 Deorum
2022 1981 2328 2028 immortalium
2370 2016 2386 2039 ,

408 2041 506 2098 fine
541 2044 637 2090 ulla
670 2046 835 2091 civium
870 2046 1127 2094 calamitate
1163 2065 1190 2092 a
1228 2048 1472 2095 maioribus
1508 2051 1661 2106 nostris
1699 2051 1957 2108 constitutae
1985 2045 2196 2109 sunt?Et
2234 2065 2278 2095 n.
2299 2049 2383 2110 46:

419 2113 546 2175 Ergo
572 2113 618 2168 fi
653 2112 693 2158 is
728 2111 745 2175 <
785 2114 856 2160 Μ.
892 2113 1101 2176 Drusus)
1140 2119 1201 2176 Q.
1226 2116 1471 2180 >Caepionis
1511 2119 1678 2165 inimici
1707 2119 1783 2177 sui
1812 2120 1968 2181 postem
2004 2117 2180 2164 aedium
2217 2116 2384 2176 tenuis·

406 2177 510 2238 set,
546 2180 605 2226 (9¹
637 2194 776 2242 pauca
815 2184 953 2230 verba
981 2182 1177 2245 fectffet,
1211 2184 1335 2230 aedes
1373 2187 1609 2248 Caepionis
1643 2187 1767 2250 effent
1803 2188 2023 2234 dedicatae
2060 2182 2077 2231 ‚²
2134 2182 2380 2232 Nimirum

413 2246 568 2302 aedes,
606 2248 659 2294 de
697 2248 865 2312 quibus
902 2249 1100 2313 disputat
1137 2249 1341 2309 Cicer0‚
1378 2269 1468 2299 non
1506 2252 1650 2301 solum
1690 2252 1738 2301 in
1774 2253 2113 2302 detestationem
2156 2288 2170 2311 ,
2222 2250 2293 2299 sed
2330 2252 2379 2300 &

408 2313 552 2362 alicui
593 2317 695 2363 Deo
732 2317 1131 2378 consecrabantur,
1169 2317 1436 2384 idcircoque
1473 2320 1610 2386 postis
1648 2322 1864 2370 tenendus
1900 2333 2028 2370 erat.

543 2383 755 2432 XXXIV
794 2387 1015 2435 Ceterum
1055 2403 1160 2435 cum
1201 2388 1317 2435 bona
1354 2388 1590 2438 dumtaxat
1628 2389 2027 2449 consecrabantur,
2062 2398 2163 2435 tum
2200 2396 2380 2436 tantum

410 2448 567 2499 foculo
602 2468 685 2517 pro
720 2452 874 2503 rostris
910 2454 1056 2520 posito
1078 2491 1098 2514 ,Α
1127 2454 1336 2505 adhibito
1374 2454 1663 2518 tibicine‚&
1699 2458 1848 2524 capite
1883 2459 2036 2506 velato
2057 2453 2155 2517 ,ita
2194 2454 2378 2504 demum

2258 2523 2373 2572 bona

402 2611 423 2636 a
449 2600 491 2636 de
513 2612 562 2638 or.
588 2604 637 2637 st·
659 2605 822 2648 quintum
850 2613 991 2651 parem
1015 2617 1129 2640 mater
1156 2607 1256 2649 eius,
1278 2606 1342 2646 asi·
1424 2620 1461 2644 ee
1488 2608 1681 2655 praedicant
1699 2634 1708 2649 ,
1733 2608 1827 2655 quod
1867 2618 1996 2654 praeter
2031 2606 2162 2654 propria
2210 2607 2330 2658 decora
2355 2619 2373 2641 a

401 2660 483 2681 nuru
504 2646 612 2692 suiffe
636 2652 838 2692 parituram
857 2675 865 2684 .
891 2654 990 2688 Certe
1016 2652 1058 2685 ob
1085 2652 1210 2697 ingenii
1236 2653 1344 2686 tardi-
1423 2665 1569 2700 quatuor
1595 2656 1850 2690 honoratiffimis
1875 2655 1953 2690 filiis
1983 2680 1995 2698 ,
2019 2665 2163 2700 quorum
2202 2654 2281 2698 gesti
2311 2652 2370 2686 ho-

400 2699 506 2729 tatem
539 2695 732 2739 Caprariam
769 2696 861 2732 fuisse
895 2697 1100 2742 appellatum
1132 2722 1140 2737 ,
1181 2699 1349 2743 possumus
1427 2712 1525 2741 nores
1549 2701 1664 2737 sedulo
1688 2702 1904 2736 recensentur
1922 2727 1933 2744 ‚
1957 2702 2064 2736 elatus
2089 2699 2224 2735 fuerit:
2254 2706 2296 2732 ut*v
2316 2710 2372 2733 ce-

398 2738 571 2782 suspicari.
597 2740 659 2774 Sed
685 2742 716 2775 8<
745 2742 935 2778 Plutarchus
962 2743 1018 2778 lib.
1048 2744 1091 2778 de⁴
1115 2748 1204 2780 Fort.
1233 2749 1335 2780 Rom.
1426 2747 1519 2783 lehre
1547 2748 1580 2780 in
1605 2747 1723 2791 primis
1748 2747 1828 2781 olim
1857 2748 1887 2781 id
1907 2746 2159 2781 &blandientis
2195 2749 2367 2779 Fortunae

401 2784 489 2819 inter
513 2786 716 2829 indulgentis
742 2792 909 2824 Fortunae
935 2791 1094 2833 exemp-la
1119 2790 1226 2824 refert,
1245 2790 1308 2825 hoc
1325 2816 1336 2834 ‚
1418 2794 1611 2837 exemplum
1639 2792 1729 2828 fuiss‘e
1756 2802 1911 2836 appareat
1945 2819 1953 2827 .
1980 2792 2019 2827 1d
2043 2791 2132 2837 quod
2173 2801 2296 2833 magno
2321 2790 2367 2823 est

399 2831 489 2873 quod
514 2833 676 2866 Metellus
701 2833 757 2866 ille
784 2835 1022 2870 Macedonicus
1047 2847 1065 2869 a
1089 2845 1230 2881 quatuor
1258 2835 1336 2873 filiis
1418 2839 1543 2879 indicio
1570 2839 1603 2873 ὃς
1627 2839 1746 2874 aedem
1771 2839 1931 2883 opiferae
1962 2850 1981 2872 a
2006 2837 2157 2872 Metello
2171 2836 2373 2878 dedicatam,

400 2877 628 2916 consularibus
654 2878 761 2912 elatus
785 2880 886 2914 fuerit
907 2907 917 2920 ,
943 2892 1083 2926 quorum
1109 2882 1248 2916 ultimus
1273 2886 1335 2917 Ca·
1420 2896 1488 2919 uon
1515 2884 1650 2919 alterius
1674 2896 1776 2930 quam
1813 2888 1996 2919 Fortunae
2034 2883 2127 2918 fuiffe
2169 2882 2207 2915 δι
2230 2881 2370 2933 fortaffis

403 2925 541 2963 prarius
568 2925 771 2958 recensetur.
798 2930 867 2960 Nec
891 2926 996 2963 solnm
1037 2927 1256 2971 emarchus,
1282 2928 1337 2964 sed
1417 2930 1458 2967 ab
1485 2942 1552 2964 uno
1578 2942 1596 2964 e
1619 2939 1762 2974 quatuor
1789 2929 1830 2964 iis
1858 2929 2018 2964 fratribus
2061 2940 2121 2973 per
2158 2938 2231 2962 eam
2258 2926 2372 2960 indul-

399 2965 435 2999 δι
469 2970 618 3002 Velleius
644 2980 658 3003 1
680 2998 691 3014 ‚
718 2977 758 3005 u
777 2996 787 3012 ,
815 2972 966 3006 Valerius
993 2976 1086 3008 Max.
1118 2985 1182 3008 vu
1201 3002 1213 3018 ,
1241 2985 1256 3007 1
1277 2999 1287 3014 ‚
1307 2986 1339 3016 x,
1420 2976 1582 3020 gentioris
1609 2981 1774 3015 Fortunae
1816 2977 2022 3012 occationem
2063 2974 2156 3009 fuiss'e
2198 2972 2369 3008 eonsecra-

409 3010 536 3050 plinius
564 3025 628 3048 vu
649 3040 658 3058 ‚
683 3028 751 3057 44,
778 3019 812 3051 S.
839 3018 1036 3061 Augustinus
1068 3029 1104 3052 11
1133 3019 1172 3050 de
1199 3020 1262 3054 civ*
1279 3033 1334 3062 ²3·
1419 3031 1518 3064 tam3
1542 3034 1580 3057 ac
1603 3021 1805 3066 potissim-m
1829 3034 1848 3055 a
1875 3027 1913 3057 C.
1941 3021 2101 3063 caprario
2126 3020 2172 3056 ob
2193 3029 2249 3056 eas
2273 3028 2353 3054 eon-

403 3057 436 3092 &
460 3069 535 3093 ante
562 3061 620 3094 hos
660 3072 784 3096 omnes
815 3064 933 3098 Cicero
959 3075 980 3097 v
1005 3064 1045 3096 de
1081 3064 1135 3096 fin.
1161 3067 1204 3104 78
1222 3089 1233 3107 ‚
1259 3066 1291 3100 δι
1321 3076 1336 3099 1
1420 3067 1561 3102 iessuras
1579 3089 1590 3110 ,
1616 3078 1700 3114 quas
1725 3066 1827 3104 modo
1851 3066 2063 3112 exponebam
2080 3091 2092 3104 .

402 3105 498 3141 Ταῖς.
523 3119 563 3151 35
591 3111 637 3153 Q.
663 3108 797 3143 Metelli
823 3109 977 3145 fortunae
1002 3109 1200 3144 felicitatem
1225 3109 1340 3146 mirifi-
