2622 3522
302 203 368 253 30
913 172 1706 223 CAPvTPatmvm„

727 311 797 357 ΙΙΙ
837 308 957 357 Vnde
993 306 1162 355 Felicis
1201 325 1348 354 nomen
1382 310 1563 371 Capuae
1598 303 1824 352 obvenerit
1845 340 1857 354 .

449 449 650 499 XXXIX
688 446 877 492 FELIX
917 444 932 508 )
973 443 1076 489 Hoc
1113 440 1248 488 etiam
1288 439 1534 505 Capuenlis
1571 436 1778 485 coloniae
1813 456 1977 486 nomen
2018 434 2178 502 absque
2199 438 2280 488 hac

309 519 606 584 inscriptione
642 530 698 560 ex
738 513 966 560 Frontino
1005 509 1094 555 iam
1134 522 1296 555 notum
1334 520 1468 566 erat,
1501 508 1581 573 qui
1618 523 1714 552 earn
1775 509 1936 553 Iuliam
1973 509 2162 554 Felicem
2214 507 2284 554 ‹li-

306 594 424 640 &am
466 584 595 633 suifl'e
633 581 848 628 testatur.
887 579 971 625 Sed
1013 577 1126 623 unde
1162 575 1203 622 ei
1243 577 1327 624 hoc
1365 592 1619 640 cognomen
1658 574 1922 631 obvenerit,
1945 572 2112 621 merito
2148 590 2284 637 quae-

307 660 346 706 ri
385 655 550 721 poffit.
591 649 696 697 Scio
731 665 822 694 non
859 645 1123 699 defutur05‚
1164 644 1244 708 qui
1281 681 1296 703 ‚
1349 645 1469 708 quod
1520 644 1796 704 Campaniae
1854 643 2020 688 Felicis
2070 659 2118 689 ea
2175 641 2284 691 effet

308 715 799 788 metropolis,idcirco
836 715 1023 762 felicem
1061 712 1397 775 agnominatam
1439 709 1659 757 statuant.
1697 711 1871 754 Verum
1909 708 2014 756 hacc
2054 708 2284 770 conjeRu·

307 813 355 841 ra
392 794 465 839 vel
505 790 659 854 pluma
697 782 846 830 levior
881 781 972 829 est:
1012 793 1110 826 tum
1149 780 1268 843 quod
1317 779 1490 842 aliquas
1543 790 1668 825 extra
1722 777 2027 839 Campaniam
2082 777 2286 825 colonias

306 863 479 909 felices
518 855 759 919 appellatas
798 852 842 897 in
882 848 1186 896 marmoribus
1225 845 1623 911 deprehendimus:
1665 857 1762 890 tum
1800 861 1909 890 vero
1944 843 2065 908 quod
2116 861 2283 909 cogno-

305 945 413 976 men
452 925 675 976 FELIX,
715 919 835 981 quod
875 934 993 963 nunc
1034 918 1174 978 vulgo
1206 914 1489 978 Campaniae
1527 912 1777 968 tribuitur,
1811 912 1936 976 χθὲς
1973 913 2015 980 ²¹3⁸
2054 911 2200 967 πρωἸω
2237 911 2286 959 in

311 991 562 1059 ἐπωνυμίαν
600 988 805 1043 tranl'iit,
845 997 893 1031 ut
931 984 1106 1047 optime
1143 982 1467 1030 animadvertit
1507 978 1795 1044 Peregrinius
1833 996 1874 1043 p.
1908 982 2009 1041 484
2054 981 2099 1025 8<
2132 981 2228 1040 485
2270 1014 2284 1029 .

314 1068 436 1112 Nam
475 1057 592 1107 oiim
634 1053 789 1106 οἱπλῶς
826 1050 1080 1116 Campania
1115 1049 1379 1097 dicebatur.
1417 1052 1516 1098 Nec
1559 1047 1739 1095 Plinius
1777 1047 1856 1094 lib.
1896 1063 1979 1095 111
2023 1082 2035 1102 ‚
2073 1064 2168 1111 cap.
2207 1063 2232 1109 5
2274 1084 2288 1106 ‚

314 1149 419 1180 cum
458 1128 556 1176 ait:
600 1127 716 1171 Hinc
747 1121 860 1179 felix
900 1122 982 1167 illa
1021 1118 1274 1179 Campania
1312 1117 1367 1170 el}
1391 1153 1401 1163 .
1435 1120 1518 1164 -Ab
1559 1118 1630 1162 hoc
1669 1116 1772 1172 finu
1827 1115 2046 1178 incipiunt
2107 1117 2290 1174 vitiferi

318 1203 480 1254 colles,
523 1197 616 1242 (γε.
651 1188 889 1256 proprium
930 1185 1117 1248 aliquod
1156 1185 1252 1232 eius
1291 1184 1489 1248 regionis
1527 1198 1778 1246 cognomen
1817 1183 1989 1229 tradere
2014 1181 2114 1238 ,sed
2141 1181 2288 1229 solum

313 1285 338 1313 a
375 1262 595 1313 felicitate
618 1296 630 1317 ,
669 1260 751 1304 hoc
791 1255 850 1302 est
888 1253 1128 1302 fertilitate
1163 1252 1293 1298 illam
1333 1253 1553 1299 celebrare
1591 1251 1638 1297 in
1677 1251 1831 1297 animo
1868 1249 2055 1297 habuit:
2096 1267 2289 1314 quomo-

312 1335 374 1382 tdo
409 1331 547 1379 etia-m
586 1330 639 1374 de
676 1325 828 1372 eadem
852 1322 1012 1369 Strabo
1042 1322 1123 1368 lib.
1146 1319 1509 1377 vdixit,m5='0v
1548 1316 1905 1380 εὐδαιμονέςατον
1940 1316 2023 1365 τῶν
2061 1316 2290 1382 οἱποὶντων,

308 1402 453 1462 solum
491 1397 673 1444 omnium
705 1392 994 1453 feliciffimum
1018 1423 1030 1435 .
1069 1389 1228 1450 Itaque
1259 1405 1289 1434 >a
1325 1385 1575 1451 Campania
1610 1385 1695 1431 hoc
1732 1400 1987 1450 cognomen
2024 1383 2071 1430 in
2121 1398 2288 1434 metro·

312 1468 457 1535 polim
500 1461 727 1513 coloniam
772 1458 1000 1507 corrivare
1036 1454 1345 1504 stultissimum
1386 1454 1555 1502 fuerit.

463 1535 550 1581 XL
614 1531 778 1576 Dicam
840 1539 990 1573 tamen
1047 1523 1156 1588 quid
1209 1525 1261 1570 de
1319 1539 1372 1569 eo
1421 1519 1701 1586 cognomine
1752 1518 1945 1585 suspicer
2004 1555 2016 1567 .
2068 1519 2290 1568 Colonia-

321 1620 424 1651 rum
461 1597 652 1648 nomina
691 1598 764 1643 vel
799 1612 823 1642 a
860 1593 1139 1647 deducente,
1176 1591 1249 1638 vel
1286 1607 1309 1637 a
1344 1589 1545 1637 deduffis
1581 1587 1838 1653 legionibus
1874 1587 2124 1653 plurimum
2173 1587 2290 1636 lumi

323 1671 550 1718 solebant.
590 1665 665 1713 Sic
704 1680 759 1710 ne
791 1682 818 1710 a
853 1661 1000 1709 nostra
1036 1659 1254 1705 discedam
1277 1693 1290 1715 ,
1329 1657 1447 1704 Iulia
1481 1657 1539 1704 ob
1576 1658 1720 1719 legem
1759 1655 1924 1702 Iulia-m
1982 1654 2102 1702 dit'i'ta
2149 1655 2239 1702 fuit
2277 1674 2289 1705 :

322 1742 369 1786 ἃ
410 1738 562 1784 eadem
603 1732 808 1796 Augusta
845 1731 904 1777 ob
938 1726 1174 1774 deductam
1213 1726 1269 1773 ab
1305 1725 1512 1789 Augusto
1551 1723 1800 1772 coloniam.
1838 1722 1961 1784 Quis
1999 1722 2141 1787 igitur
2165 1736 2291 1773 vetat

328 1807 440 1852 hanc
479 1803 667 1850 nostram
705 1817 728 1846 a
766 1797 913 1845 tribus
951 1792 1257 1842 celeberrimis
1293 1791 1611 1841 deduffiori-bus
1652 1791 1738 1838 tria
1774 1791 1846 1840 sua
1883 1790 2068 1838 nomina
2086 1791 2295 1852 hausisse,

323 1876 372 1920 ἃ
411 1872 593 1930 Felfcern
630 1867 805 1914 idcirco
841 1864 1038 1919 dietam,
1077 1862 1185 1925 quia
1221 1862 1336 1908 olim
1378 1879 1401 1909 a
1441 1862 1563 1923 Sylla
1601 1858 1752 1907 Felice
1789 1859 1932 1906 fuerat
1959 1858 2196 1907 constituta
2218 1877 2295 1908 co-

325 1938 486 1990 lonia?
525 1938 653 1984 ⁴Idem
692 1937 744 1981 de
781 1935 904 1982 Nola
941 1932 1179 1978 diceneum
1204 1965 1216 1986 ,
1254 1946 1387 1993 quarn
1429 1946 1451 1975 a
1486 1929 1611 1990 Sylla
1650 1926 1874 1973 coloniam
1915 1925 2167 1974 institutam
2218 1944 2295 1975 ne-

328 2027 410 2057 mo
448 2006 654 2071 ignorat,
691 2001 772 2067 qui
812 2000 1084 2047 frontinum
1127 1997 1326 2063 legerit3
1362 2009 1497 2060 atque
1532 1995 1590 2042 ob
1630 1995 1742 2041 hanc
1780 1995 1969 2042 caussam
1997 1996 2180 2042 felicem
2217 2012 2296 2058 ap-

332 2077 543 2141 pellatam
581 2070 821 2119 coniicio:
860 2069 914 2115 fic
952 2067 1088 2114 etiam
1145 2065 1335 2111 invenio
1385 2063 1500 2127 apud
1534 2067 1671 2110 Grut.
1707 2079 1749 2126 p,
1790 2065 1913 2129 1085
1957 2079 2000 2109 n.
2042 2079 2101 2124 14
2149 2064 2297 2113 COL.

334 2145 478 2192 FEL.
513 2141 667 2187 AVG.
705 2139 857 2185 NOL.
898 2138 974 2183 Ad
1014 2133 1119 2180 haec
1158 2150 1261 2180 cum
1301 2131 1525 2180 Samnites
1560 2130 1673 2178 olim
1714 2131 1932 2177 acerrime
1986 2143 2140 2178 contra
2197 2135 2298 2195 Syl.

332 2215 423 2261 lam
464 2208 712 2264 steti-ssent,
749 2204 996 2252 verisimile
1032 2201 1090 2248 est
1127 2202 1466 2247 Beneventanos
1503 2216 1612 2264 agro
1647 2197 1775 2245 fuiffe
1812 2200 2034 2245 multatos
2073 2233 2108 2259 ,K
2136 2199 2296 2249 adscri-

337 2292 553 2345 ptamque
589 2292 643 2321 eo
673 2272 943 2322 colonitm:
986 2268 1100 2317 unde
1138 2268 1186 2315 in
1223 2267 1548 2332 inscriptione,
1584 2283 1695 2328 qnae
1728 2265 1893 2313 Caudii
1915 2265 2056 2312 exstat
2087 2301 2100 2322 ,
2152 2286 2292 2332 quam

335 2347 471 2395 refert
512 2342 796 2408 peregrinius
832 2341 878 2388 in
918 2342 1080 2401 Camp.
1119 2338 1290 2399 Fel.tp.
1328 2352 1420 2400 745
1464 2336 1659 2382 FELIX
1711 2350 1759 2381 ea
1814 2330 2009 2399 quoque
2045 2337 2295 2396 appellatur

333 2414 381 2462 in
419 2415 537 2461 hunc
577 2414 797 2458 modum:
833 2407 1151 2456 COLONIA.
1188 2406 1395 2453 IVLIA.
1432 2404 1853 2454 CONCORDIA.
1892 2403 2048 2451 AVG.
2088 2404 2296 2454 FELIX.

333 2480 805 2530 BENE'VENTVM
826 2511 838 2522 .
1694 2503 1698 2505 λ

478 2548 588 2595 XLI
624 2545 754 2592 Huic
789 2557 940 2591 tamen
979 2536 1220 2604 suspicioni
1259 2536 1348 2585 duo
1401 2536 1607 2587 maxime
1658 2537 1776 2602 posse
1830 2537 2170 2587 incommodare
2227 2539 2300 2589 vi-

338 2615 424 2664 deo
462 2651 474 2663 .
527 2618 684 2661 Vnum
722 2613 842 2676 quod
880 2607 1091 2675 Sigonius
1129 2607 1176 2651 in
1218 2608 1288 2654 III
1322 2606 1376 2654 de
1411 2607 1599 2671 antiquo
1637 2605 1734 2653 iure
1782 2604 1942 2652 Italiae
1990 2623 2082 2670 cap.
2115 2624 2150 2668 4
2185 2605 2250 2655 ait
2285 2625 2297 2656 :

346 2685 425 2741 Est
461 2697 600 2731 autem
638 2681 871 2737 verisimile
897 2714 908 2734 ,
944 2694 1035 2724 cum
1073 2677 1167 2722 alia
1203 2677 1357 2729 syllae
1392 2678 1490 2724 uffa
1521 2675 1609 2739 pest
1642 2689 1817 2721 mortem
1864 2675 1954 2721 eius
2011 2674 2298 2733 rescinderen-

345 2767 420 2798 tur
444 2787 457 2808 ,
492 2752 599 2798 hanc
637 2767 799 2811 quoque
834 2746 1127 2794 dedufflionem
1164 2744 1180 2806 (
1219 2742 1422 2790 coloniae
1455 2743 1640 2806 Capuae
1677 2744 1693 2805 )
1731 2744 1803 2805 effe
1836 2742 2154 2800 >labefaHatam
2177 2777 2187 2787 .
2208 2743 2298 2790 Al-

342 2831 491 2866 terum
529 2817 647 2881 quod
686 2816 798 2862 illud
835 2817 965 2861 Felix
999 2813 1155 2876 Capua
1191 2827 1432 2859 commune
1469 2827 1570 2857 cum
1623 2810 1727 2856 aliis
1783 2807 2044 2872 quibusdam
2100 2807 2296 2857 coloniis

342 2886 498 2934 habeat
524 2920 536 2942 ,
572 2900 680 2946 quas
717 2896 972 2946 nunquam,
1007 2882 1130 2944 quod
1168 2878 1353 2943 quidem
1393 2877 1586 2933 sciatur,
1626 2879 1744 2935 Sylla
1783 2875 2052 2923 deduxerit.

477 2954 610 2999 XLII
647 2950 829 3011 Quibus
865 2933 1015 2995 tatiien
1053 2945 1310 3011 respondere
1346 2962 1435 2992 non
1487 2944 1547 2990 est
1604 2943 1795 2991 difficile
1832 2979 1844 2990 .
1901 2946 2019 2990 Nam
2059 2942 2260 3008 primum
2283 2980 2297 3002 ‚

337 3020 458 3084 quod
494 3022 642 3083 Syllae
679 3017 774 3066 aesta
810 3015 982 3065 rescissa
1019 3013 1115 3081 post
1151 3025 1347 3063 mortem
1380 3011 1450 3062 ait
1485 3010 1699 3078 Sigonius
1724 3048 1737 3072 ,
1758 3012 1843 3060 hoc
1878 3027 2023 3076 neque
2058 3015 2173 3080 apud
2191 3012 2294 3058 Plu·

2209 3089 2298 3127 tar-
