2622 3522
803 194 1567 253 INDEx:

672 322 712 364 G

197 382 412 474 GAdes
443 442 518 470 non
548 429 729 477 colonia,
772 430 832 471 sed
864 429 1122 482 municipium
1156 460 1165 480 ,

254 497 332 538 52:
362 485 421 525 cui
463 483 558 524 olim
599 487 836 540 quatuorviri
867 513 878 532 ‚
920 487 1043 537 postea
1071 485 1165 525 duo-

253 538 326 579 viri
357 539 600 591 praefuerunt
621 570 630 587 ,
663 554 704 589 5¹
734 570 744 587 ‚
774 553 795 577 a
817 569 827 587 ,
859 540 915 578 b:

198 593 395 633 Gaditana
425 593 627 645 inscriptio
660 595 862 634 illustratur
883 620 894 641 ‚
928 606 970 645 51
995 619 1009 635 .

195 647 383 687 Gelenius
412 658 568 686 notatur
588 678 598 696 ,
632 663 706 696 20,
736 662 772 688 a.

194 701 346 742 Gellius
372 701 602 751 exponitur,
633 703 699 750 89.

192 754 343 795 Genius
372 757 566 806 quomodo
595 756 863 808 depingeretur
901 783 912 801 ,
961 769 1061 805 179,
1089 768 1110 795 a
1144 768 1155 794 :

245 807 404 861 fingulis
446 808 666 849 hominibus
715 816 798 849 luus
833 809 965 861 genius
994 809 1155 860 assigna-

244 873 331 911 tus,
384 861 480 910 180,
528 876 592 902 a:
641 863 840 915 geniorum
885 863 1082 914 theologia
1111 877 1157 902 ex

240 915 481 969 Angelorum
515 929 605 965 vera
632 918 805 957 doctrina
836 918 1007 957 manavit
1036 947 1048 966 ,
1108 918 1158 956 ib.

240 968 420 1011 locorum
467 970 706 1021 singulorum
749 971 850 1021 genii
895 999 906 1018 ‚
949 972 1052 1016 180.
1094 970 1152 1010 b:

238 1026 366 1066 malus
395 1027 528 1075 genius
548 1057 557 1071 ,
588 1025 639 1062 ib.
686 1026 833 1077 serpens
863 1026 964 1076 genii
1001 1025 1153 1077 symbo-

237 1078 345 1123 lum,
377 1077 428 1117 ib.
464 1077 611 1118 Tutela
641 1081 766 1117 eadem
798 1081 863 1131 qui
895 1079 1027 1131 gen³us
1058 1109 1068 1127 ,
1099 1081 1151 1122 ib.

235 1133 338 1185 genii
371 1131 538 1172 marium
568 1160 580 1181 ‚
627 1132 794 1179 junones
834 1133 1060 1174 seminarum
1092 1136 1144 1176 di-

234 1187 420 1226 cebantur
442 1212 452 1230 ,
485 1185 535 1224 ib.

179 1240 407 1281 Gensericus
437 1239 597 1290 Capuae
622 1242 837 1281 vastitatem
866 1241 1022 1290 attulit,
1055 1255 1143 1295 155.

182 1293 471 1335 Gladiatoribus
498 1294 639 1336 alendis
670 1296 763 1335 caeli
791 1295 992 1337 salubritas
1021 1299 1142 1349 requi-

232 1351 327 1396 sita,
367 1361 464 1393 122,
493 1347 533 1386 ἃ
562 1363 610 1396 a,
642 1351 700 1390 b:
732 1350 771 1388 in
806 1350 974 1400 saginam
1006 1349 1143 1390 daban-

231 1414 298 1444 tur
318 1431 329 1449 ,
367 1401 417 1441 ib.
449 1413 494 1438 ex
526 1403 756 1444 medicorum
790 1404 998 1453 praeceptis
1029 1404 1141 1445 vicii-

229 1457 391 1507 tabant,
423 1453 522 1493 unde
552 1459 721 1499 medicus
751 1458 827 1497 ludi
858 1457 1031 1508 Gallici,
1060 1472 1138 1499 rua·

229 1511 351 1551 tutini
380 1540 392 1559 ‚
461 1507 511 1547 ib.
557 1511 744 1552 Samnites
771 1512 999 1563 gladiatores
1028 1513 1095 1562 qui
1126 1541 1139 1561 ‚

233 1579 338 1615 1273
370 1564 415 1603 ad
446 1562 614 1604 mensam
647 1565 826 1611 adhibiti,
849 1566 920 1606 128
939 1581 952 1604 .·
971 1579 992 1604 a
1021 1565 1138 1606 Carn-

2074 220 2176 272 192·

1283 284 1384 314 111:
1416 270 1587 312 thermae
1615 268 1804 321 gymnafii
1836 285 1951 327 pars,
1986 287 2079 327 ¹57,
2113 258 2180 321 n}

1282 327 1356 376 158
1384 353 1394 372 ‚
1437 339 1458 365 a
1491 339 1502 365 τ
1535 326 1616 365 imo
1645 327 1897 375 gymnasium,
1918 329 2086 371 thermae
2113 347 2179 385 ap.

1276 380 1463 431 pellatum
1485 408 1497 428 ‚
1528 379 1578 419 ib.
1623 377 1786 418 caldaria
1826 381 1920 422 cella
1951 384 1987 422 in
2018 399 2178 437 gymna-

1275 433 1360 481 fiis,
1392 433 1511 473 ib.b.·
1543 435 1673 484 tegio‚
1706 431 1743 471 in
1773 448 1848 486 qua
1868 437 2176 488 Neapolitanum

1274 487 1514 538 gymnasium
1533 515 1542 532 ‚
1571 486 1791 528 thermensis
1821 492 2036 543 appellata,
2069 495 2116 534 ib.
2137 509 2175 535 a:

1269 540 1511 591 gymnasium
1533 541 1773 593 Campanum
1791 573 1801 590 ,
1831 559 1923 598 157,
1941 546 1977 585 δι
2007 561 2026 586 a
2047 560 2056 585 ε
2083 562 2172 600 pro-

1268 607 1314 648 pe
1345 595 1669 649 amphitheatrum
1691 594 1784 646 fuit,
1809 598 1858 638 ib.
1887 602 1926 642 ὅ(
1962 601 2174 653 158,a‚b.

1676 709 1720 749 H

1214 760 1516 854 HAdrianus
1544 826 1730 868 quantum
1747 829 1859 856 nemo
1887 817 1982 858 alius
2012 821 2058 861 ad
2075 821 2177 863 aedi-

1270 865 1356 905 ficia
1386 867 1563 909 incubuit
1586 899 1596 918 ‚
1625 873 1674 923 67
1704 899 1714 918 ‚
1746 871 1826 910 68:
1853 884 1986 921 „vetera
2014 889 2167 929 quoque

1268 919 1436 961 aedificia
1466 925 1669 964 renovavit
1698 954 1709 973 ,
1753 939 1802 976 72
1838 938 1847 964 :
1891 925 1976 967 huic
2006 933 2172 984 principi

1263 986 1371 1024 aegre
1403 978 1627 1017 Antoninus
1657 979 1751 1018 Divi
1795 993 2021 1030 praenomen
2054 985 2176 1036 impe·

1262 1028 1410 1076 travit,
1443 1036 1492 1078 67
1510 1058 1520 1077 ,
1551 1031 1632 1070 68:
1660 1033 1914 1073 Nemausense
1930 1036 2172 1087 amphithea-

1257 1091 1362 1122 trum
1395 1083 1442 1121 ab
1472 1085 1671 1124 Hadriano
1700 1086 1867 1126 ereclum
1896 1117 1907 1136 ,
1938 1090 1987 1128 68
2009 1105 2022 1129 .·
2055 1106 2169 1144 quan-

1223 1177 1227 1183 .
1256 1135 1305 1173 do
1334 1137 1580 1188 Campanum
1609 1139 1936 1190 amphitheatrum
1975 1146 2114 1185 resecet·
2133 1160 2164 1196 t,

1252 1191 1305 1237 69
1336 1202 1346 1227 τ
1376 1191 1576 1230 columnae
1605 1221 1615 1240 ‚
1659 1206 1755 1245 quas
1784 1195 1984 1242 Campano
2013 1201 2167 1252 amphi-

1253 1245 1407 1282 theatro
1434 1245 1605 1294 addidit,
1634 1249 1694 1286 cui
1726 1248 1834 1294 usui,
1864 1263 1911 1299 73
1953 1263 1963 1288 ε
1995 1256 2061 1302 qui
2093 1254 2164 1294 bo-

1254 1309 1362 1336 nores
1391 1298 1424 1336 ei
1458 1301 1538 1350 post
1569 1313 1732 1340 mortem
1763 1301 1876 1342 delati
1896 1317 2008 1354 ‚77:
2036 1310 2166 1360 operi·

1254 1350 1322 1390 bus
1354 1364 1495 1391 nomen
1526 1352 1635 1394 suum
1667 1368 1740 1395 non
1771 1357 1963 1408 adscripsit
1991 1389 2002 1408 ,
2050 1376 2117 1413 103
2151 1376 2165 1403 ε

1250 1405 1295 1443 ad
1326 1405 1407 1444 eius
1435 1419 1552 1458 opera
1583 1407 1796 1460 plurimum
1839 1411 2005 1454 contulit
2034 1417 2165 1455 Anto.

1250 1461 1390 1507 ninus,
1422 1460 1505 1499 80:
1547 1462 1590 1500 in
1620 1465 1787 1502 nummis
1813 1464 2041 1515 inscribitur
2072 1471 2161 1509 RE-

1247 1515 1525 1554 STITVTOR
1552 1519 1794 1558 ACHAIAE
1828 1547 1840 1568 ,
1867 1522 2109 1564 AFRICAE
2136 1553 2149 1576 ,

1251 1572 1333 1605 &a
1364 1581 1430 1617 70.

229 1619 338 1672 panis
367 1619 411 1658 ad
443 1618 639 1660 Romanos
668 1620 830 1661 traducti
856 1650 866 1668 ,
918 1620 968 1659 ib.
999 1621 1133 1660 Hono.
1188 1619 1449 1664 Herculaneus
1465 1637 1596 1686 ‘pagus
1627 1625 1688 1668 ubi
1722 1627 1857 1678 suerit,
1892 1630 1996 1682 165,
2027 1646 2072 1679 a,
2102 1632 2157 1672 b:

228 1673 276 1713 rii
309 1685 482 1724 tempore
515 1673 678 1724 dehere,
722 1688 818 1724 152:
858 1673 1131 1715 Gladiatorum

227 1727 390 1779 Capuae
420 1727 551 1778 ingens
582 1741 746 1782 manus,
771 1743 845 1774 22,
877 1743 924 1774 a,
957 1728 1004 1774 b,
1035 1742 1132 1777 122,

229 1781 269 1821 &
301 1782 373 1835 seq.
409 1794 485 1831 ¹29
516 1797 528 1823 ε
568 1793 634 1833 per
662 1783 799 1822 domos
828 1782 1016 1824 distributi
1045 1795 1132 1822 cum

228 1834 341 1876 ludus
368 1849 432 1876 eos
458 1850 534 1876 non
564 1847 713 1889 caperet
751 1864 762 1884 ‚
807 1836 858 1876 ib.
907 1837 1038 1887 ingens
1069 1837 1136 1876 ibi,

223 1888 312 1928 dem
342 1903 475 1929 eorum
506 1903 690 1932 numerus
721 1890 840 1931 etiam
873 1891 939 1931 sub
966 1889 1135 1931 Caesari-

223 1942 320 1993 bus,
350 1943 402 1984 ib.
431 1957 492 1984 ars
522 1943 747 1997 gladiatoria
775 1945 932 2001 Capuae
963 1973 975 1995 ,
1015 1958 1134 1998 quam

223 1997 373 2047 Romae
405 2000 588 2041 vetustior
621 2027 633 2048 ,
661 2003 723 2041 60.

172 2049 330 2092 Go'essfius
360 2050 574 2104 refellitur,
623 2068 668 2107 23
688 2085 700 2104 ,
730 2066 782 2106 35
807 2082 819 2104 ,
863 2069 907 2104 a,
938 2054 985 2103 b,
1037 2070 1087 2109 45
1121 2084 1133 2105 ,

231 2122 302 2161 50,
334 2106 373 2146 &
404 2106 454 2152 b,
491 2122 558 2159 51,
588 2110 668 2161 65,
701 2110 753 2148 b.

172 2161 299 2204 Gothi
328 2173 351 2200 a
378 2162 588 2204 venatione
616 2161 932 2217 amphitheatrali
961 2176 1038 2205 non
1068 2165 1130 2206 ab·

225 2215 457 2262 horrebant,
491 2231 579 2269 15¹·

166 2268 388 2313 Gracchani
416 2269 560 2311 limites
600 2271 700 2324 apud
745 2272 984 2312 Frontinum
1015 2273 1083 2326 qui
1119 2302 1130 2321 ,

215 2339 300 2378 45:
343 2336 392 2363 an
422 2324 618 2367 Gracchus
645 2327 820 2367 omnium
852 2328 999 2381 primus
1028 2328 1129 2368 colo-

219 2379 322 2421 niam
353 2378 509 2432 Capuae
537 2381 760 2425 collocarit,
792 2381 842 2419 ib.

163 2434 363 2477 Grafferus
390 2433 402 2478 (
430 2433 586 2478 Jacobus
619 2437 635 2484 )
666 2434 913 2487 exploditur,
960 2434 1010 2475 68
1030 2463 1039 2481 ,
1086 2435 1123 2476 b.

161 2488 201 2528 S.
229 2485 411 2542 Gregorii
454 2485 547 2528 libet
589 2489 920 2531 sacramentorum
966 2486 1127 2530 illustra-

215 2553 278 2583 tur
341 2555 405 2592 91-
537 2562 541 2567 ’
913 2568 916 2576 ,

165 2573 384 2638 Guaife’rius
414 2594 579 2638 Berolafi
624 2595 849 2650 praeficitur
877 2597 922 2638 ab
954 2595 1124 2639 Athana-

215 2652 297 2700 sio,
346 2661 450 2700 159:
501 2651 668 2694 eiusdem
697 2652 884 2693 Guaiferii
913 2652 1079 2694 exitium
1109 2682 1121 2702 ,

220 2711 310 2748 161.

160 2759 311 2800 Gudius
340 2765 497 2800 notatus
516 2789 527 2809 ,
562 2774 666 2807 120,
697 2773 746 2809 a,
775 2761 812 2801 b.

158 2811 451 2856 Guicciardinus
492 2818 506 2863 (
533 2813 771 2857 Caelestinus
800 2816 817 2865 )
847 2815 1072 2868 exploditur
1099 2845 1112 2866 ‚

215 2880 226 2906 t
308 2897 318 2917 ,
341 2884 377 2910 a.

155 2881 371 3014 Gu13gerius
399 2932 585 2974 notatur,
615 2922 667 2976 98
695 2952 706 2974 ,
740 2930 837 2975 ¹99.-
883 2923 1082 2980 suppletur
1112 2953 1124 2975 ‚

216 2989 229 3013 ι
270 2991 288 3015 2
310 3005 320 3023 ‚
351 2977 387 3015 b.

153 3028 368 3079 Gymnasra
397 3028 537 3084 quibus
570 3031 665 3072 Diis
693 3031 791 3073 sacra
826 3032 928 3075 108,
958 3046 993 3078 a,
1012 3045 1089 3085 109
1116 3065 1127 3078 .

206 3082 231 3125 b
257 3098 274 3125 .·
311 3084 444 3128 eadem
471 3083 548 3127 olei
606 3085 875 3129 distributione
917 3086 1086 3130 dedicata
1113 3116 1125 3138 ,

1245 1676 1476 1716 Herculanet
1519 1679 1577 1718 lex
1622 1694 1796 1733 pagana,
1844 1684 1897 1722 ib.
1945 1688 2028 1726 eius
2059 1686 2155 1737 legis

1241 1728 1450 1780 sententia,
1497 1732 1559 1772 ib.-
1585 1734 1626 1773 ὅ(
1657 1737 1919 1789 interpretatio
1939 1770 1949 1789 ,
1973 1739 2030 1780 ib.
2065 1739 2156 1780 eius-

1241 1784 1329 1823 dem
1389 1786 1679 1829 Herculanensis
1745 1792 2005 1846 inscriptionis
2048 1793 2159 1835 fusior

1241 1838 1457 1890 expositio,
1485 1841 1535 1880 ib.
1567 1844 1607 1881 ἃ
1638 1844 1713 1898 seq.

1189 1893 1355 1932 Herculi
1397 1896 1539 1949 templa
1585 1898 1638 1938 ad
1681 1900 1839 1940 Circum
1884 1902 2153 1945 ext-ruebantur

1245 1948 1288 1986 in
1318 1948 1412 1988 loci:
1444 1978 1455 1996 ,
1485 1951 1525 1989 in
1554 1950 1692 2003 quibus
1719 1971 1792 1994 non
1821 1972 1925 1997 erant
1950 1957 2155 2013 gymnasia

1247 2017 1360 2054 neque
1390 2003 1702 2058 amphitheatra·
1742 2010 1814 2052 108
1834 2040 1846 2060 ‚
1877 2013 1912 2050 b.

1191 2055 1437 2098 Herodianus
1465 2059 1669 2100 illustratur
1694 2091 1704 2110 ‚
1741 2077 1842 2115 139,
1885 2079 1934 2114 a,
1967 2080 2066 2116 140,
2115 2066 2155 2108 b.

1191 2110 1407 2160 Hesychius
1434 2113 1638 2154 ilustratur
1657 2144 1667 2162 ,
1707 2132 1777 2167 150
1797 2148 1807 2167 ,
1840 2120 1877 2159 b.

1188 2167 1441 2219 Hierapitnae
1466 2167 1796 2221 amphitheatrum
1823 2187 1834 2213 :

1244 2216 1434 2259 theatrum
1462 2224 1661 2265 Anazarbi
1678 2253 1688 2263 .

1187 2273 1422 2314 HOMERI
1457 2288 1527 2327 pro
1545 2278 1745 2319 Homeridi
1777 2280 1817 2320 &
1839 2280 1975 2322 similia
1991 2311 2002 2330 ‚
2020 2283 2071 2321 86
2086 2311 2096 2332 ,
2114 2282 2151 2326 b.

1185 2326 1451 2379 Hoplomachi
1480 2330 1546 2383 qui
1576 2343 1686 2371 antea
1716 2333 1905 2375 Samnites
1931 2364 1942 2384 ,
1975 2336 2049 2375 128
2069 2365 2081 2385 ,
2111 2338 2150 2380 b.

1183 2381 1378 2422 Horatius
1407 2381 1644 2432 illustratur,
1680 2401 1726 2436 14
1747 2417 1758 2435 ,
1790 2389 1838 2436 bg,
1867 2390 1946 2437 88,
1975 2405 2022 2437 a,
2058 2393 2149 2435 118.

1181 2435 1427 2476 Hudrentum
1467 2441 1528 2479 leu
1578 2441 1831 2489 Hydrentum
1878 2445 2000 2496 magis
2028 2457 2145 2498 quam

1235 2489 1512 2541 Hydruntum,
1549 2507 1649 2546 132,
1679 2496 1715 2538 b.

1179 2541 1363 2595 Hyginus
1403 2544 1616 2588 illustratur
1644 2577 1654 2597 ,
1714 2549 1753 2588 ὅ(
1795 2563 1884 2591 curn
1929 2553 2146 2605 fragmento

1233 2599 1385 2648 agrario
1411 2599 1645 2641 conciliatur
1674 2616 1723 2655 43
1749 2630 1762 2651 2
1790 2619 1843 2654 44
1865 2636 1875 2654 ,
1917 2622 1964 2659 45
2003 2627 2016 2649 .·
2058 2608 2146 2653 illu·

1232 2652 1370 2692 stratur
1401 2667 1480 2704 53,
1511 2655 1560 2707 b,
1594 2670 1666 2706 54,
1699 2671 1751 2704 a,
1783 2660 1847 2709 87-

1177 2707 1401 2756 Hymettiae
1429 2708 1557 2748 trabes
1584 2713 1682 2762 apud
1704 2715 1908 2753 Horatium
1925 2715 2024 2767 sunt
2040 2731 2139 2759 mar·

1230 2774 1372 2802 morene
1399 2777 1474 2802 non
1501 2779 1520 2804 e
1547 2767 1712 2807 materia
1732 2791 1743 2810 ‚
1778 2768 1878 2810 118.

1877 2174 1973 2214 vide
2001 2173 2153 2229 amphi-

1634 2873 1655 2915 Ι

1183 2930 1227 3017 Ι
1259 2978 1306 3018 In
1336 2979 1419 3021 eius
1448 3008 1459 3027 ,
1477 2981 1595 3024 -cuius
1624 2983 1699 3026 ὅτε.
1740 2988 1870 3030 vocale
1900 3001 1975 3030 non
2003 2990 2140 3032 conse·

1236 3046 1329 3072 num
1347 3062 1356 3074 .
1390 3038 1489 3085 169,
1519 3051 1571 3081 a„

1179 3087 1221 3125 5.
1249 3090 1394 3140 Ignatii
1421 3095 1479 3131 M.
1522 3092 1621 3134 Afia
1642 3095 1820 3150 paffiom's
1848 3097 2086 3152 illustrantur

1204 3154 1307 3195 131,
1339 3143 1381 3184 b.
1704 3151 1736 3192 B
1765 3151 1790 3194 b
2008 3155 2110 3195 Ima-
