2622 3522
367 203 464 268 135

361 337 529 385 theatri
568 337 729 385 faciem
772 339 1080 390 delineandam
1104 378 1115 390 .

948 207 1265 259 Capvn·
1336 214 1722 268 Sexi-vivs

368 270 505 334 plicis
540 268 666 318 illius
704 266 896 319 fornicis
952 272 1126 325 indicio
1172 276 1287 327 olim
1327 279 1460 330 Costa
1512 282 1613 332 usus
1651 284 1791 336 fuerit
1839 286 1892 336 ad
1931 286 2123 339 universi

2158 293 2334 361 amphi-

502 408 571 452 ΙΙΙ
611 408 730 452 Nam
771 405 861 453 fuit
896 407 1012 456 illud
1044 422 1263 477 tempus,
1300 432 1404 463 cum
1443 417 1769 469 eruditiffimus
1803 423 1985 488 Capuae
2016 425 2334 492 Archiepisco-

320 514 323 521 ,
361 489 445 539 pus
481 472 641 531 Caesar
663 473 797 523 Costa
816 474 1018 526 Caesaris
1053 481 1240 533 Barouii
1279 483 1326 529 in

361 679 455 725 quod
482 677 575 722 supra
599 677 779 716 subiestam
804 688 962 719 coronam
988 684 1170 731 collapsum
1201 686 1316 724 hodie.

357 737 424 770 que
451 725 590 776 visitur3
617 726 748 760 videtur
772 728 811 760 ad
838 731 995 765 Doricum
1034 733 1188 768 ordinem
1213 736 1317 778 perti-

361 783 471 806 nere.-
499 770 554 813 ἃ,
580 781 614 804 ιη
639 781 705 815 quo
729 782 826 817 caput
851 774 895 808 est
914 799 925 817 ,
942 777 1201 814 Attendolorum
1227 789 1318 815 aeta.

360 824 396 851 te
421 817 556 851 alterius
575 816 673 850 seriei
701 818 857 863 reliquias
882 822 991 855 multo
1010 822 1102 857 fuisse
1119 824 1317 869 integriores

358 863 501 896 coniicio
517 887 527 903 ,
553 869 589 895 ut
615 861 737 898 rectius
761 865 801 897 de
828 876 866 899 ea
889 866 1049 902 iudicium
1075 868 1224 906 ferrent.
1252 876 1317 906 Re.

357 908 464 952 liques
489 907 587 941 series
613 908 652 940 ad
678 919 734 942 eos
758 909 908 952 spe-stasse
933 912 1186 958 ordines,quos
1213 918 1314 952 modo

356 953 542 988 memoravi
568 963 609 985 ex
635 952 793 997 κιῖτοψῐᾳ
817 956 1002 992 diiudicaffe
1018 960 1219 995 Attendolos
1245 974 1312 997 non

355 999 402 1032 est
427 997 610 1049 credibile:
649 1011 754 1044 neque
781 1001 870 1035 enim
909 1004 1052 1046 putarim
1078 1014 1156 1039 ante
1179 1016 1313 1043 centum

357 1045 602 1089 quinquaginta
621 1055 731 1079 *annos
755 1047 957 1082 exteriorem
991 1050 1226 1094 amphitheatri
1259 1065 1313 1087 or.

356 1089 433 1124 bem
459 1090 566 1124 multo
591 1089 681 1125 fuisse
707 1092 906 1127 ereRioi-em
923 1106 1046 1139 ,quam
1071 1109 1159 1131 nunc
1175 1099 1313 1142 «conspi-

354 1135 527 1171 citur.De
553 1134 772 1179 superioribus
797 1149 875 1182 ergo
899 1141 1065 1176 columnis
1091 1153 1179 1177 mera
1205 1156 1242 1178 ea
1268 1146 1312 1178 est

356 1180 550 1216 coniectura
568 1193 581 1215 .·
609 1193 677 1216 non
702 1183 883 1228 spernenda
910 1195 1024 1220 tamen
1041 1212 1050 1225 ,
1079 1188 1110 1222 81
1138 1200 1218 1223 vero
1244 1201 1317 1232 pro.

355 1227 467 1267 xima,
493 1227 616 1277 quippe
642 1239 741 1273 quam
770 1230 878 1264 Flavii
904 1231 1137 1276 amphitheatri
1157 1235 1315 1270 structura

290 1286 300 1293 ¹
354 1272 528 1307 confirmat
544 1290 554 1309 2
582 1285 616 1306 in
640 1284 707 1318 quo
725 1299 737 1316 ‚
762 1275 784 1308 si
807 1288 824 1308 a
850 1277 956 1311 Tusco
978 1278 1153 1313 discesseris
1170 1306 1181 1319 ,
1200 1293 1316 1315 omnes

354 1317 415 1352 alii
441 1318 571 1352 ordines
597 1319 660 1351 sese
677 1319 821 1362 produnt
840 1334 848 1354 :
869 1323 945 1356 sunt
962 1323 1052 1358 enim
1077 1323 1122 1357 ibi
1139 1325 1314 1360 columnae

347 1365 375 1405 -(
400 1363 481 1397 teste
507 1364 699 1405 Alexandro
716 1369 850 1400 Donato
870 1378 931 1401 ιιι
948 1380 990 1410 ,7
1015 1369 1191 1410 >Doricae
1210 1373 1313 1415 imae,

351 1409 486 1443 Ionicae
512 1409 669 1452 mediae„
694 1410 838 1445 summae
865 1414 1061 1448 Corinthiae
1081 1436 1091 1452 ‚
1134 1424 1209 1450 tum
1234 1428 1312 1452 con.

350 1454 501 1488 sinuatus
526 1455 633 1498 paries
657 1456 863 1492 interlocatis
888 1470 987 1504 opere
1012 1462 1198 1506 composito
1234 1474 1314 1508 qua-

353 1500 460 1534 <iratis
483 1501 648 1535 columnis
672 1502 884 1546 distinguitur
899 1531 908 1539 .

401 1544 464 1580 Sed
492 1546 590 1580 miffis
613 1547 815 1582 coniecturis
832 1570 840 1585 ε
881 1552 982 1586 imam
1007 1553 1239 1589 columnarum
1263 1555 1313 1588 se-

352 1592 438 1626 r'iem
464 1602 531 1643 non
548 1593 675 1644 ‘Dorica
693 1618 704 1633 ,
721 1595 776 1628 sed
802 1596 981 1631 Tuscanica
997 1599 1208 1644 dispositione
1233 1612 1310 1634 con-

311 1648 313 1650 ·
352 1639 436 1672 stare
459 1647 573 1681 quivis
598 1637 716 1673 statuet
744 1661 753 1677 .
787 1641 893 1675 modo
930 1641 1227 1680 architestoniaem
1255 1646 1311 1681 vel

349 1682 551 1729 primoribus
577 1683 674 1718 labris
698 1686 847 1729 attigerit
863 1713 870 1720 .
887 1689 1002 1724 Nudus
1017 1692 1136 1735 quippe
1151 1691 1205 1726 hic
1220 1704 1311 1736 prae-

354 1728 504 1763 tenditur
530 1731 693 1772 zophorus
717 1731 783 1765 fine
809 1733 991 1778 triglyphis
1031 1737 1063 1769 δι
1087 1738 1227 1781 guttulis
1252 1737 1308 1771 de-

346 1774 577 1821 pendentibus
596 1799 606 1817 ,
633 1776 699 1810 sine
723 1778 886 1822 meropis:
924 1781 1008 1814 nulli
1033 1791 1199 1826 praeterea
1223 1783 1307 1817 den-

349 1821 443 1856 ticuli
466 1833 475 1854 ;
502 1831 604 1865 eaque
630 1822 770 1858 omnino
794 1825 908 1864 omnia
930 1825 1009 1861 hinc
1033 1828 1184 1863 exsulant
1209 1841 1304 1863 orna-

349 1875 489 1907 menta,
514 1866 579 1900 fine
620 1867 739 1912 quibus
778 1882 848 1905 non
887 1874 993 1915 potest
1030 1876 1187 1909 Doricum
1213 1876 1305 1919 :opus

346 1913 520 1948 eonfistere
536 1942 546 1959 ‚
570 1924 723 1959 quaeque
750 1917 872 1951 Dorico
894 1918 919 1951 fi
944 1918 1109 1954 ademeris
1128 1946 1139 1964 ‚
1158 1921 1193 1955 in
1219 1924 1311 1963 Tyr-

346 1959 524 1994 thenicum
550 1959 659 1994 statim
683 1960 897 2004 degenerabit
914 1988 923 1997 .
966 1968 1044 2000 Non
1087 1967 1233 2009 negarim
1261 1975 1308 2000 ta-

350 2016 431 2040 men
456 2005 516 2038 esse
541 2006 703 2049 quaedam
729 2018 935 2053 nequaquam
960 2010 1000 2044 ad
1021 2023 1160 2046 canones
1185 2013 1307 2047 Tusca-

350 2049 418 2084 nici
444 2050 570 2084 ordinis
589 2075 598 2090 ‚
621 2051 757 2096 qualem
782 2054 1053 2091 archaeeetonices
1080 2058 1223 2102 mag³stri
1249 2058 1306 2091 de-

349 2095 474 2129 finiunt
491 2120 503 2137 ‚
528 2096 644 2130 exaesa
664 2123 673 2132 .
714 2102 801 2132 Nam
826 2102 971 2141 primum
995 2104 1170 2137 columnae
1197 2104 1307 2147 scapus

348 2142 411 2175 etsi
429 2142 538 2186 aliqua
555 2141 600 2174 sui
618 2150 707 2185 parte
732 2145 868 2189 aggestis
895 2146 1064 2182 ruderibus
1082 2148 1211 2183 subsidit
1231 2175 1239 2187 ,
1258 2149 1306 2182 vi-

346 2187 471 2226 detur,
498 2187 530 2220 ni
555 2187 658 2221 fallor
674 2213 684 2229 ‚
710 2190 883 2235 aliquanto
924 2195 1090 2235 procerior
1125 2207 1223 2240 quam
1249 2206 1309 2238 pro

344 2232 510 2266 brevitate
539 2234 740 2268 Tuscanica.
782 2237 795 2266 s
822 2238 956 2281 qualem
984 2240 1182 2275 recentiores
1205 2240 1310 2274 archi-

351 2279 433 2313 testi
452 2278 857 2323 definiuntfflhitander,
886 2294 938 2316 ex.
964 2286 1067 2328 gratia
1087 2308 1096 2324 ,
1145 2287 1185 2320 ad
1223 2289 1306 2321 vitr.

350 2323 408 2358 lib.
438 2328 591 2368 111,eap.
617 2336 650 2359 2.
678 2327 874 2362 Tuscanicae
901 2331 1073 2365 columnae
1098 2332 1226 2373 scapum
1253 2332 1308 2365 :al-

348 2377 420 2403 tum
446 2370 680 2415 sexies‚quam
696 2383 854 2416 quantum
882 2375 915 2408 in
935 2376 1000 2410 ima
1014 2388 1104 2421 parte
1122 2378 1168 2410 est
1182 2380 1311 2421 crassus,

350 2416 487 2450 statuit:
517 2418 654 2450 Doricae
681 2429 760 2452 vero
784 2420 957 2455 columnae
983 2423 1113 2467 scapum
1128 2425 1244 2468 septies
1262 2427 1309 2458 al.

346 2468 421 2494 tum
441 2482 465 2512 '.
483 2470 643 2512 quantum
669 2466 782 2499 crassus
810 2467 853 2498 est
879 2467 961 2501 imus
986 2469 1095 2512 scapus
1119 2494 1128 2502 .
1158 2471 1221 2503 Sed
1246 2471 1310 2504 ali-

348 2514 405 2557 ter·
429 2509 510 2540 Vitr.
525 2508 581 2540 lib.
611 2511 655 2540 IV
678 2534 686 2549 ,
710 2520 778 2553 cap.
803 2522 825 2552 7
866 2511 907 2545 de
949 2515 1090 2548 tuscanis
1124 2516 1308 2550 rationibus

348 2552 490 2586 scribens
509 2575 519 2592 ‚
541 2554 610 2586 ait:
638 2557 777 2599 Eaeque
824 2558 1042 2598 (columnae
1072 2561 1095 2602 )
1131 2561 1197 2599 lint
1239 2565 1308 2595 ima

349 2598 578 2641 craffitudine
603 2603 813 2636 altitudinis
840 2611 941 2647 parte
960 2605 1134 2648 septima.
1162 2607 1309 2640 Miratur

349 2643 528 2690 Philander
553 2643 592 2676 ad
609 2644 696 2679 hunc
720 2646 828 2680 locum
847 2674 855 2682 .
882 2650 970 2694 Quid
996 2651 1017 2683 fi
1045 2651 1144 2684 nostri
1182 2653 1308 2696 amphi-

347 2689 468 2723 theatri
520 2691 689 2724 columnas
726 2694 833 2726 multo
872 2696 1071 2738 proceriores
1112 2698 1309 2732 Vitruviana

350 2734 567 2778 proportione
610 2737 823 2780 conspexisset
849 2738 861 2773 ?
889 2743 903 2772 J
946 2741 997 2775 sed
1046 2741 1079 2774 8<
1125 2743 1306 2787 capitulum

350 2781 382 2813 &
411 2780 490 2814 basis
517 2781 624 2814 multo
649 2782 749 2816 altius
776 2796 842 2818 uno
869 2786 1005 2819 modulo
1038 2811 1047 2827 ,
1085 2787 1155 2822 imo
1179 2789 1308 2823 duobus

351 2825 479 2859 circiter
507 2826 650 2859 modulis
675 2829 865 2873 assurgunt,
883 2831 915 2864 ἃ
940 2832 1100 2876 quaedam
1126 2833 1183 2867 sibi
1207 2834 1306 2868 adsci-

353 2872 446 2905 scunt
471 2870 512 2905 ab
537 2872 612 2906 aliis
648 2874 761 2908 Tuscis
784 2876 937 2918 capitulis
980 2878 1010 2910 ἃ
1051 2878 1173 2914 basibus
1209 2879 1306 2923 plane

349 2917 478 2950 diversa
506 2943 514 2950 .
556 2921 636 2960 Quo
661 2919 752 2953 enim
779 2920 837 2953 illa
874 2922 908 2955 in
937 2923 998 2955 basi
1035 2923 1128 2967 supra
1162 2925 1312 2959 torulum

353 2960 460 2996 sima?
488 2962 612 2996 Videsis
645 2963 724 2997 basis
750 2975 817 2998 una
840 2977 916 3001 cum
940 2968 1084 3006 subjeero
1108 2970 1229 3012 gradu.
1257 2982 1311 3004 cu-

349 3007 488 3040 iusmodi
521 3009 604 3041 olim
643 3010 784 3045 effossam
821 3012 915 3046 aiunt
940 3037 950 3054 ,

352 3064 452 3096 quam
478 3053 564 3086 inter
589 3054 732 3089 fornices
768 3056 845 3091 illos
870 3057 951 3091 duos
977 3058 1192 3092 exhibui.Vt
1209 3061 1311 3094 omit-

363 3106 432 3135 tam
454 3099 543 3143 quod
560 3106 627 3135 tam
651 3100 787 3146 capituli
804 3102 918 3139 abacus
939 3114 1060 3149 ,quam
1085 3104 1119 3139 in
1144 3104 1207 3140 bafi
1229 3106 1316 3153 plin.

990 3014 1270 3050 deformationem
1299 3027 1320 3058 ‚'

1362 485 1457 532 iure
1491 487 1624 536 civili
1651 490 1830 551 publice
1864 492 2191 557 interpretando
2229 498 2331 544 olim

2242 584 2245 587 ·
2278 582 2328 612 m

1362 690 1439 726 thus
1455 690 1639 737 quadratae
1664 693 1746 735 sint,
1773 705 1849 731 eum
1873 701 1986 731 tamen
2013 694 2048 730 in
2073 697 2182 732 Tusco
2207 696 2327 733 ordine

1363 738 1566 779 cylindricae
1591 739 1661 773 fieri
1685 740 1871 776 debuissent
1887 765 1896 775 .
1922 742 1985 776 Sed
2003 766 2014 781 ‚
2052 750 2088 775 ut
2113 743 2240 784 fatear,
2269 754 2328 778 ve-

1363 792 1470 818 terum
1507 795 1606 828 opera
1647 785 1824 821 secundum
1863 787 2141 823 architectonicos
2183 798 2333 823 canones

1364 830 1555 864 examinare
1581 831 1602 865 si
1626 831 1775 876 satagas,
1800 833 1918 869 miram
1947 832 2094 867 offendes
2136 832 2329 868 inconstan-

1364 876 1446 910 tiam
1471 877 1490 917 (
1516 887 1557 909 ex
1582 887 1650 921 qua
1672 878 1842 912 >variantes
1867 880 2096 912 recentiorum
2125 879 2329 915 architecto.

1363 932 1436 955 rum
1462 923 1646 955 sententiae
1672 923 1842 966 profestae
1871 924 2027 957 videntur
2054 925 2071 964 )
2107 925 2212 959 multa
2237 926 2331 959 enim

1363 966 1535 1001 architecti
1561 968 1644 1001 olim
1670 979 1728 1012 pro
1754 969 1809 1002 sua
1835 970 1980 1003 maxima
2009 970 2182 1003 voluntate
2221 971 2331 1005 varia·-

1361 1013 1441 1046 bant
1462 1025 1471 1046 :
1495 1024 1532 1046 ac
1557 1013 1796 1048 difficillimum
1821 1014 1961 1048 definita
1992 1014 2037 1048 est
2054 1039 2062 1053 ‚
2087 1026 2250 1060 quaenam
2277 1016 2320 1050 ita

1361 1059 1423 1092 sint
1449 1060 1622 1092 necessaria
1653 1084 1665 1101 ‚
1705 1068 1740 1092 ut
1765 1059 1867 1094 abesse
1911 1060 2047 1102 impune
2083 1071 2151 1093 non
2175 1062 2292 1104 possint
2314 1082 2323 1096 0

1406 1108 1420 1138 [
1448 1103 1498 1137 Ad
1523 1105 1602 1139 haec
1626 1113 1753 1148 praeter
1770 1105 1941 1140 Tuscanici
1956 1106 2080 1138 ordinis
2097 1104 2322 1146 characteres.

1361 1150 1417 1193 qui
1447 1150 1479 1183 in
1506 1149 1573 1183 ima
1596 1150 1830 1184 columnarum
1872 1150 1950 1185 serie
1989 1150 2284 1194 deprehenduntur
2306 1173 2319 1193 ,

1362 1195 1466 1237 ipsum
1490 1196 1592 1229 etiam
1617 1195 1792 1230 struaurae
1817 1207 1920 1240 genus
1945 1196 1986 1229 ad
2006 1197 2156 1230 Etruscae
2182 1197 2326 1231 archite..

1358 1241 1510 1274 &onices
1551 1241 1722 1284 ingenium
1750 1266 1762 1283 ,
1801 1249 1900 1287 atque
1927 1241 2075 1275 indolem
2114 1242 2203 1286 exigi
2240 1245 2326 1286 posse

1363 1286 1449 1319 mihi
1476 1286 1636 1320 videtur:
1661 1287 1783 1331 quippe
1808 1298 1881 1322 cum
1908 1299 1976 1321 non
2001 1287 2150 1321 extimus
2188 1296 2320 1322 tantum

1363 1332 1526 1373 ambitus5
1553 1331 1604 1366 sed
1632 1332 1661 1364 &
1688 1333 1918 1378 quodcumque
1956 1332 1990 1366 in
2015 1334 2172 1367 interiore
2198 1333 2323 1368 fabrica.

1361 1386 1583 1411 marmoreum
1620 1378 1671 1409 :est
1702 1399 1709 1408 .
1751 1379 1838 1422 quod
1879 1379 1923 1412 est
1957 1379 2031 1411 sane
2067 1377 2279 1422 plurimum,
2305 1392 2324 1414 e

1362 1430 1430 1456 tam
1457 1422 1633 1467 grandibus
1660 1423 1819 1464 vastisque
1844 1424 1948 1465 saxis,
1979 1424 2032 1457 seu
2058 1424 2167 1457 verius
2185 1425 2323 1468 rupibus

1360 1469 1571 1512 compastum
1597 1467 1698 1502 fuerit
1717 1491 1725 1506 .
1755 1477 1790 1503 ut
1818 1480 1916 1502 nemo
1941 1470 2002 1510 sit,
2026 1469 2083 1514 qui
2110 1481 2177 1503 non
2202 1472 2324 1505 obtutu

1362 1513 1571 1558 obstupescat.
1593 1515 1694 1558 Atqui
1720 1525 1795 1548 eum
1822 1515 1997 1549 strusturae
2015 1514 2190 1548 modulum
2215 1517 2318 1549 Etru.

1362 1559 1402 1593 sci
1432 1561 1647 1593 observarunt
1666 1584 1676 1597 ,
1699 1568 1861 1604 quantum
1895 1560 2033 1604 quidem
2070 1571 2086 1593 e
2114 1563 2227 1594 Leone
2255 1564 2323 1595 Ba.

1361 1605 1457 1648 ptista
1483 1605 1624 1640 Alberto
1648 1605 1800 1641 discimus
1827 1618 1838 1649 3
1878 1605 1934 1650 qui
1961 1605 2216 1649 praegrandibus
2239 1618 2320 1650 qua<-

1349 1651 1461 1685 -dratis
1486 1650 1648 1696 lapidibus
1690 1653 1737 1685 uti
1764 1652 1797 1685 in
1825 1651 1963 1695 publicis
2004 1651 2156 1694 operibus
2190 1652 2321 1685 vetusta

1358 1698 1595 1731 consuetudine
1621 1697 1742 1730 Tuscos
1767 1697 1964 1731 consuevisse
1992 1697 2048 1731 lib.
2075 1700 2170 1739 Vll,
2196 1708 2265 1741 cap.
2282 1709 2316 1731 2.

1358 1743 1434 1777 suae
1457 1742 1693 1777 architecturae
1729 1743 1843 1778 docuit
1868 1743 2024 1786 exemplo
2060 1741 2178 1776 dustiis
2204 1754 2318 1777 muro-

1359 1800 1433 1823 rum
1458 1788 1589 1822 urbium
1610 1788 1765 1822 Etruriae
1784 1788 2028 1822 nonnullarum
2056 1812 2068 1830 ‚
2109 1788 2217 1822 veluti
2248 1791 2319 1822 νο.

1358 1835 1566 1878 laterrarum,
1588 1835 1779 1869 Fe¹ularum
1806 1859 1818 1877 ‚
1845 1836 1906 1868 ὄιε-
1933 1833 2036 1878 quue
2062 1832 2236 1868 confirmat
2262 1833 2319 1868 Li-

1362 1881 1436 1915 vius
1459 1881 1500 1913 ad
1524 1892 1577 1914 an.
1605 1883 1644 1913 V.
1672 1882 1711 1914 C.
1738 1883 1800 1923 378
1827 1880 1881 1914 ubi
1906 1879 1953 1914 ait
1978 1892 1987 1914 ε
2026 1885 2068 1915 Vc
2095 1879 2230 1915 tributo
2257 1893 2317 1914 no.

1360 1939 1442 1960 vum
1463 1926 1564 1966 fertur
1590 1929 1851 1961 contraheretur
1877 1928 1915 1960 in
1938 1937 2073 1959 murum
2111 1937 2132 1958 a
2158 1926 2312 1967 Censori.

1356 1972 1421 2007 hus
1447 1975 1600 2006 locatum
1623 1973 1705 2012 saxo
1730 1973 1903 2015 quadrato
1927 1970 2133 2011 faciundum
2159 1999 2171 2015 ‚
2198 1979 2235 2005 ut
2261 1971 2319 2004 be-

1355 2029 1396 2051 ne
1422 2017 1660 2052 animadvertit
1687 2018 1874 2050 Marlianus
1900 2016 1957 2050 lib.
1988 2020 2033 2061 1,
2057 2027 2126 2061 cap.
2151 2027 2174 2058 4
2195 2041 2207 2061 ‚
2233 2016 2265 2050 &
2289 2029 2313 2059 9

1352 2064 1424 2098 suae
1449 2062 1683 2107 topographiae
1712 2062 1805 2096 Vrbis
1829 2067 1995 2104 Romam]

1401 2112 1486 2144 Cum
1511 2118 1623 2143 autem
1649 2108 1873 2150 Tyrrhenicus
1898 2108 1980 2143 ordo
2004 2107 2319 2153 sitfimpliciffimus,

1355 2166 1391 2188 ac
1421 2155 1478 2188 vix
1505 2155 1604 2188 ullius
1629 2154 1837 2198 elegantiae:
1853 2154 1930 2198 quid
1957 2156 2078 2189 caussae
2105 2155 2164 2188 effe
2191 2156 2318 2197 potuit,

1346 2199 1568 2244 >quamobrem
1595 2211 1671 2234 eum
1697 2200 1898 2244 potsffimUffl
1925 2199 2046 2234 in'hoc
2072 2208 2141 2233 tam
2167 2200 2317 2232 sumtuo-

1356 2247 1390 2279 so
1416 2257 1515 2290 opere
1550 2246 1712 2289 Campani
1752 2246 1945 2279 adhiberent
1979 2245 1999 2280 ,⁹
2042 2247 2190 2280 Primum
2223 2243 2314 2289 quod

1357 2291 1440 2324 imae
1467 2291 1638 2325 columnae
1666 2291 1894 2333 Tyrrhenicae
1921 2291 2043 2325 fuerint
2061 2316 2073 2333 ,
2112 2301 2180 2324 non
2204 2290 2315 2324 conti-

1359 2349 1426 2371 nuo
1453 2344 1561 2371 totum
1587 2336 1819 2380 amphitheatri
1847 2348 1926 2380 opus
1951 2338 2068 2370 evadet
2095 2336 2267 2370 Etruscum
2300 2349 2316 2371 .-

1359 2383 1391 2415 &
1420 2383 1602 2416 Attendolo
1616 2383 1769 2416 assentior
1785 2407 1795 2423 ‚
1813 2382 1886 2414 aliis
1913 2383 2014 2416 etiam
2032 2381 2203 2415 ordinibus
2220 2383 2313 2415 sumn

1358 2428 1410 2462 hic
1436 2428 1527 2462 fuisse
1553 2428 1661 2461 locum
1677 2454 1686 2462 .
1703 2426 1831 2462 Deinde
1856 2427 1891 2460 in
1917 2428 2054 2462 colosfea
2080 2426 2316 2470 amphitheatri

1355 2474 1445 2508 mole
1470 2475 1544 2519 quis
1565 2475 1646 2506 ordo
1671 2472 1801 2506 infimae
1827 2473 2055 2507 colui-marum
2082 2473 2173 2506 seriei
2208 2473 2319 2506 'rusco

1355 2519 1612 2554 convenientius
1660 2518 1809 2551 adhiberi
1845 2520 1954 2560 potuit
1982 2543 1993 2560 ‚
2034 2518 2124 2558 cujus
2166 2518 2315 2554 maxima

1355 2566 1506 2598 omnium
1533 2564 1670 2598 firmitas
1696 2563 1853 2597 exsistit?
1879 2568 1919 2598 Et
1946 2564 2043 2598 habet
2068 2574 2198 2609 quoque
2222 2564 2313 2597 suam

1355 2611 1497 2644 mascula
1517 2611 1554 2644 ἁ
1580 2610 1724 2644 incomta
1738 2609 1884 2642 soliditas
1910 2611 2112 2643 maiestatem
2129 2633 2138 2642 .
2155 2608 2205 2642 Ad
2228 2608 2314 2643 haee

1356 2666 1398 2689 ex
1427 2656 1627 2699 superiorum
1652 2655 1898 2699 comparatione
1939 2656 2167 2689 columnarum
2187 2678 2199 2696 ‚
2237 2654 2313 2699 qui.

1356 2700 1414 2735 bus
1438 2702 1492 2735 sua
1517 2701 1646 2735 inerant
1670 2708 1865 2734 ornamenta
1889 2700 1930 2733 ad
1951 2701 2028 2735 suos
2052 2711 2200 2746 quaeque
2223 2699 2313 2733 ordi.

1350 2758 1411 2779 nes
1441 2747 1641 2790 pertinentia
1667 2771 1678 2789 ‚
1718 2746 1801 2779 mira.
1826 2754 1930 2780 totius
1970 2748 2077 2789 operis
2118 2745 2310 2786 symmetria

1353 2791 1644 2836 proficiscebatur3
1667 2803 1742 2825 cum
1770 2791 1943 2834 paullatim
1962 2803 2001 2824 ex
2027 2793 2170 2825 incomta
2195 2790 2233 2823 ad
2253 2800 2312 2823 or-

1356 2846 1467 2871 natam
1492 2838 1588 2871 illam
1615 2838 1767 2872 Doricam
1794 2836 2167 2878 soliditatem‚tum,ex
2193 2834 2244 2868 his
2268 2834 2311 2867 ad

1359 2882 1509 2917 ionicam
1535 2883 1848 2926 Corinthiacamque
1885 2883 2084 2925 elegantiam
2117 2880 2211 2914 fieret
2237 2891 2314 2923 gra.

1359 2927 1420 2961 dus
1438 2952 1446 2960 .
1474 2932 1615 2963 nemum
1635 2953 1648 2970 ,
1688 2929 1709 2961 si
1737 2927 1827 2960 lubet
1845 2951 1857 2970 ,
1899 2939 1966 2960 non
1993 2936 2116 2961 temere
2141 2927 2203 2960 hoc
2227 2926 2271 2959 est
2297 2949 2311 2967 ‚

1355 2972 1450 3016 quod
1479 2975 1585 3007 Tusco
1611 2974 1713 3007 etiam
1736 2973 1945 3014 ordini‚etsi
1970 2984 2046 3006 raro
2072 2972 2111 3005 ab
2124 2972 2197 3005 aliis
2219 2972 2312 3005 usur-

1359 3026 1436 3060 pato
1455 3042 1465 3057 ,
1480 3019 1572 3053 suum
1597 3021 1657 3053 effe
1683 3019 1794 3052 locum
1819 3019 1978 3060 Campani
1999 3019 2177 3052 voluerunt
2198 3035 2211 3062 ς
2229 3027 2308 3052 nam

1359 3063 1484 3099 Tuscos
1509 3064 1572 3100 sese
1597 3065 1657 3100 esse
1682 3064 1810 3108 origine
1835 3062 1934 3107 probe
1961 3072 2078 3098 norant
2094 3087 2103 3099 .
