2622 3522
347 2409 464 3166 COLONIA
347 1860 560 2369 'IVLI‘ii
350 1284 561 1829 {3121}prst
413 1230 448 1249 ε
350 815 472 1168 AVG
420 762 450 781 φ
346 171 464 725 CAPVA

576 2614 668 3116 DIVVS
578 1505 670 2554 ·HADR1ANVS
600 1428 620 1447 .
576 224 672 1362 AVG0REST1TV1

896 909 979 2420 AVG·P1VS·DED1CAV1T,

1056 2749 1088 2820 Aut

1099 2750 1149 2891 aliquid,

683 2382 763 2920 IMAGINES
708 2345 737 2360 ⁹
684 2223 783 2324 (²⁸²)
686 2052 770 2195 ET
705 2011 721 2028 ·
682 1377 773 1984 COLVMNAS
712 1330 740 1348 ⁹
687 1144 772 1301 AD
688 1014 763 1130 DI
711 968 740 987 ⁹
687 703 762 940 CVR
686 424 763 685 AVIT

785 2805 864 3000 IMP
812 2757 838 2775 ⁹
790 2448 868 2720 CAES
813 2394 834 2413 ⁹
788 2292 867 2370 ‘l'
786 1844 868 2265 ·AEL1VS
813 1796 832 1815 ·
791 1092 869 1768 HADRIANVS
816 1041 833 1058 ·
790 346 877 1015 ANTONINVS

1098 2914 1133 2985 tale

1236 183 1268 215 2

1233 232 1465 298 Utrinque
1531 234 1654 284 enim
1724 254 1926 287 marmor
1992 240 2038 287 3<
2093 258 2151 289 ex
2205 258 2356 306 aequo⁴

1232 299 1369 349 fuisse
1419 300 1716 378 supplendum
1781 323 1876 355 vox
1930 308 2130 356 FECIT
2165 345 2185 367 ,
2234 325 2346 374 quae

1231 368 1418 417 alterius
1456 369 1599 418 lineae
1636 372 1790 420 media
1839 374 1985 423 ferme
2027 387 2224 439 occupat
2254 376 2350 441 spa·

1232 436 1334 493 tia,
1373 437 1450 484 sat'
1440 456 1483 484 is
1511 437 1740 487 indicabat
1779 460 1789 488 ε
1829 444 1927 505 plus
1964 460 2080 489 vero
2110 442 2342 507 aliquanto

1233 503 1384 551 initio
1414 523 1553 569 quam
1612 506 1691 554 fini
1740 508 2048 557 adiiciendum
2104 509 2237 558 fuiffe
2277 528 2346 557 ea-

1232 571 1334 619 dem
1375 590 1556 637 quoque
1593 593 1683 622 vox
1722 576 2032 634 admonebat,
2089 595 2202 643 quae
2239 578 2346 626 dex-

1235 639 1433 688 trorsum
1493 641 1679 707 propius
1714 644 1980 692 accederet.
2016 646 2091 692 Ac
2131 664 2185 694 ne
2223 647 2341 693 rnul-

1235 706 1298 755 tis
1337 744 1357 764 „
1401 709 1524 757 Υεξὶε
1558 728 1694 758 necne
1729 711 2039 776 suppleverim-
2072 747 2084 770 ‚
2135 714 2344 762 afferetur

1234 772 1325 823 hoc
1362 778 1695 826 commentario
1732 779 1858 828 ratio
1888 783 2065 828 ,Dum
2100 781 2224 829 enirn
2264 781 2346 830 sm·

1237 845 1699 910 gulasinscriptionis
1719 860 1862 912 partes
1887 817 2199 908 lustrabimus,
2216 849 2345 899 simul

1238 911 1326 961 αἰχ
1347 913 1487 963 aliter
1505 914 1708 980 elogium
1727 914 1813 964 sese
1833 916 2031 965 habuiffe
2047 887 2345 984 intelligetur.

1371 983 1451 1031 Ae
1496 981 1808 1047 fraomentum
1862 984 2013 1051 ipsum
2067 987 2192 1050 quod
2240 985 2351 1036 atti-

1236 1059 1363 1110 net,
1400 1050 1461 1098 est
1497 1028 1613 1099 illud
1649 1051 1837 1117 quidem
1871 1071 1894 1100 e
1929 1052 2119 1101 candido
2145 1072 2344 1103 marmo-

1321 1155 1335 1177 ‚
1381 1118 1481 1166 sane
1518 1136 1654 1183 quam
1703 1123 1795 1179 eleo
1775 1120 2049 1187 antiffimis
2080 1122 2347 1171 charaffieri·
2351 1156 2353 1159 .

1237 1186 1318 1235 bus
1346 1185 1655 1263 insculptum,
1677 1166 1821 1254 iisque
1860 1206 1996 1255 prope
2018 1191 2345 1266 σπιθκμιαιόις

1235 1253 1309 1301 sed
1342 1253 1408 1303 ita
1445 1267 1503 1304 ut
1551 1271 1631 1320 per
1686 1255 1883 1321 singulas
1931 1256 2170 1321 paullatim
2203 1235 2355 1307 lineas,

1239 1321 1527 1382 decrescant,
1562 1335 1613 1371 ut
1649 1324 1859 1374 deorsum
1892 1324 2196 1392 spectantibus
2234 1364 2245 1382 ‚
2285 1327 2346 1375 se-

1238 1391 1441 1440 cundum
1484 1390 1670 1457 opticae
1717 1395 1884 1459 leges,
1939 1396 2148 1458 aequales
2187 1412 2345 1444 omnes

1238 1458 1503 1509 viderentur
1534 1480 1552 1509 2v
1601 1460 1658 1509 fic
1696 1461 1823 1510 enim
1868 1461 2086 1527 politiore
2124 1461 2208 1510 illo
2244 1465 2343 1511 An·

1238 1527 1508 1578 toninorum
1542 1529 1721 1578 saeculo
1750 1530 2016 1579 consuevere
2042 1529 2338 1607 [inscriptio-

1234 1613 1319 1645 nes
1349 1596 1572 1662 scalpere·
1610 1600 1902 1664 Quamquam
1943 1598 2176 1664 ceteroqui
2213 1612 2344 1649 vetus

1232 1663 1280 1712 id
1317 1664 1419 1713 fuid
1453 1665 1837 1715 ειεὴὰῐεξίοηῐευε
1880 1685 2025 1715 canon
2057 1684 2079 1714 a
2118 1666 2349 1716 Vitruvio·

1230 1735 1400 1800 11[‚3
1438 1736 1596 1797 paullo
1632 1735 1893 1802 παχύμερον.
1944 1733 2134 1783 tiaditus
2173 1753 2185 1783 :
2235 1741 2341 1813 Quo

1231 1804 1344 1850 enim
1383 1839 1402 1862 ,
1438 1801 1596 1869 inquit
1627 1837 1648 1862 ,
1693 1805 1837 1851 altius
1873 1805 1986 1851 oculi
2015 1805 2194 1863 scandit
2222 1806 2343 1852 acies

1233 1889 1314 1918 non
1345 1872 1486 1930 facile
1515 1871 1711 1933 persecat
1747 1873 1866 1920 ae‘ris
1894 1894 1899 1899 ·
1933 1872 2262 1928 crebritatem,
2295 1873 2342 1919 δε

1229 1956 1357 2004 quae„
1382 1937 1451 1986 ibi
1489 1938 1732 2003 sequuntur
1767 1959 1785 2006 3
1837 1939 1901 1987 oh
1943 1956 2133 2003 eamque
2169 1938 2343 1986 caulam

1231 2007 1464 2070 optimum
1501 2006 1622 2054 faeta
1657 2006 1757 2065 ait„
1787 2008 1816 2055 fi
1855 2005 2241 2056 eminentioribus¹
2271 2025 2341 2054 ae·

1232 2073 1380 2123 dificii
1419 2073 1642 2123 membris*
1686 2075 1863 2140 aliquid
1906 2074 2100 2140 amplius
2136 2074 2343 2123 altitudi-

1227 2142 1309 2192 nis
1338 2143 1565 2192 tribuatur
1599 2161 1610 2191 :
1648 2154 1787 2208 atque
1826 2143 1934 2192 hinc
1968 2161 2029 2192 ex
2064 2143 2209 2191 tribus
2245 2145 2339 2208 epi-

1227 2209 1356 2271 stylii
1394 2210 1577 2270 fasciis,
1614 2209 1731 2259 imae
1769 2223 1890 2270 tres,
1918 2211 2090 2259 mediae
2127 2224 2338 2286 quatuor,

1228 2278 1438 2327 summae
1481 2279 1683 2345 quinque
1729 2292 1875 2345 partes
1930 2279 2100 2328 ibidem
2145 2277 2337 2327 archite-

1227 2346 1334 2397 &us
1363 2347 1572 2414 assignat.
1607 2349 1637 2415 J

1368 2416 1689 2468 Dimenfiones
1726 2433 1841 2464 vero
1869 2415 1951 2464 has
1981 2415 2116 2463 habet
2149 2432 2246 2462 area
2281 2413 2337 2462 li·

1228 2483 1339 2533 teris
1374 2495 1591 2542 exarata,
1614 2484 1764 2547 (nam
1797 2485 1850 2531 de
1886 2501 2051 2532 corona
2088 2482 2335 2548 ceterisque

1227 2553 1509 2602 ornamentis¹
1541 2565 1673 2602 taceo
1704 2552 1722 2617 )
1759 2565 1835 2600 'ut
1890 2564 1978 2600 tres
2028 2552 2229 2600 maxime
2266 2567 2338 2598 ro-

1226 2638 1393 2670 manos
1424 2621 1553 2687 pedes
1588 2619 1843 2670 altitudinis
1880 2619 2038 2668 habeat
2075 2657 2088 2677 ,
2141 2631 2337 2685 quatuor

1226 2689 1318 2738 fere
1354 2689 1402 2737 in
1440 2691 1585 2739 latum
1641 2701 1891 2736 excurrat:
1944 2700 1993 2736 ut
2048 2688 2281 2736 literarum
2321 2721 2334 2742 ,

1224 2756 1288 2805 ita
1326 2769 1377 2806 ut
1412 2756 1650 2823 supplevi,
1665 2755 1862 2821 integras
1902 2756 2057 2820 strigas
2091 2754 2142 2803 ad
2178 2755 2333 2802 decem

1224 2843 1371 2890 eoque
1403 2825 1601 2891 amplius
1635 2796 1791 2890 pedesU
1802 2824 1933 2873 fuiffe
1962 2822 2249 2889 exporrec‘tas
2281 2838 2333 2868 o-

1224 2904 1431 2960 porteat

1363 2964 1506 3014 Hunc
1555 2978 1669 3010 vero
1713 2958 2092 3009 commentarium
2150 2957 2204 3005 fic
2249 2965 2330 3005 nos

1222 3025 1409 3095 quidem
1460 3029 1710 3097 partiemur
1745 3064 1761 3090 ,
1818 3040 1868 3078 ut
1919 3028 2010 3078 tria
2062 3026 2197 3095 hujus
2233 3024 2328 3089 epi·

2179 3108 2330 3161 gram·
