2622 3522
563 198 643 247 ΒΕ
679 194 843 247 ΟΑΜΡ.
882 194 1139 246 ΑΜΡΗΙΤΗ.
1175 213 1273 253 pta
1311 202 1562 261 sssovmaa
1601 201 1869 256 sAizchA‘i
2114 227 2206 277 155

252 266 386 320 tanda
423 266 550 316 esset:
589 282 700 331 quae
736 263 955 330 quoniam
993 284 1016 313 a
1053 266 1506 332 septentrionalibus,
1545 272 1613 320 uti
1651 273 1820 339 saepius
1856 272 1956 324 dixi
1991 314 2005 338 ,
2039 278 2210 346 linguis

254 341 316 389 est
353 336 598 387 arcessenda
633 335 651 397 (
687 351 788 381 nam
828 332 932 382 inde
969 337 1258 400 Langobardi
1297 338 1489 405 profeEfi
1525 340 1704 391 Italiam
1746 342 1999 396 insederunt
2018 350 2210 413 ),idcir-

253 426 310 458 co
348 406 463 455 viris
498 401 771 453 doaiffimis
795 438 807 460 ,
844 402 924 467 qui
962 402 1009 451 in
1046 405 1103 452 iis
1138 405 1215 454 diu
1253 409 1542 473 multumque
1579 410 1662 458 fint
1700 412 1897 461 volutati
1930 452 1946 478 ‚
2002 434 2100 466 eam
2138 420 2210 469 in·

252 474 547 543 quifitionem
588 472 812 537 integram
849 472 1290 538 relinqu0.Tamen
1329 493 1420 523 non
1456 475 1608 542 inepte
1648 477 1765 528 mihi
1802 482 1985 533 videtur
2018 491 2203 537 Berola-

241 548 310 605 fis
344 563 404 593 ex
442 541 706 606 Hungarica
741 556 854 586 voce
892 545 981 589 Var
1015 543 1059 589 ὃ(
1094 542 1369 593 Germanica
1401 547 1495 592 Alc
1533 547 1651 611 pofl‘e
1707 548 1903 599 derivari
1943 588 1955 601 .
2007 557 2078 605 De
2125 561 2212 606 Var

251 614 349 664 ‚1301
387 611 513 676 supra
550 608 724 657 dicium
761 607 874 667 fuit,
912 627 997 673 qua
1034 628 1123 659 non
1159 611 1305 660 solum
1344 629 1453 672 arx,
1491 612 1562 662 sed
1599 613 1738 664 etiam
1774 618 1941 668 civi-tas
1993 622 2216 689 fignifica-

257 694 364 740 ων,
401 695 452 729 ut
490 695 545 726 ex
584 676 836 725 innumeris
874 678 1152 744 Hungaricis
1188 680 1369 746 oppidis
1406 717 1420 740 ,
1467 700 1662 748 quorum
1701 686 1890 735 nomina
1926 688 1975 738 in
2010 696 2103 742 Var
2138 695 2214 743 de·

256 751 404 801 sinunt
430 784 443 808 ,
476 746 498 812 (
533 762 729 812 quorum
763 745 917 810 aliqua
956 759 1051 794 not.
1085 763 1147 814 95
1189 747 1387 797 recensui
1423 751 1441 815 )
1477 751 1699 801 aestimari
1735 756 1877 820 potest
1906 762 2105 823 :quibus
2141 781 2216 812 ac·

255 818 380 869 cedit
415 815 536 883 quod
574 820 707 863 Varos
741 818 855 878 apud
891 813 1065 862 eosdem
1106 818 1348 882 Hungaros
1383 835 1475 867 non
1513 818 1636 868 aliud
1673 840 1810 888 quam
1862 824 2105 877 civ-itatem
2162 830 2216 882 fio

254 886 446 954 gnificat
469 920 479 932 .
513 885 611 930 Alt
645 895 829 941 autem,
866 881 953 931 five
987 883 1005 947 (
1046 895 1096 933 ut
1133 887 1355 935 Germani
1393 888 1687 952 pronuntiare
1724 891 1869 941 solent
1904 895 1922 959 )
1958 899 2062 955 Olt,
2085 898 2213 948 idem

253 955 316 1005 est
353 957 474 1020 quod
512 964 671 1000 vetus:
709 951 825 999 unde
861 968 956 999 vox
989 956 1083 1000 Old
1116 953 1168 1000 ad
1204 953 1552 1020 Anglosaxones
1589 958 1967 1026 manavit,qu0d
2003 962 2125 1014 idem
2163 967 2216 1016 fi·

253 1023 477 1092 gnificat,
515 1033 566 1069 ut
601 1022 815 1078 Oldcastel
850 1018 869 1084 (
905 1021 1025 1086 quod
1062 1020 1292 1069 cuiusdam
1335 1022 1550 1072 Iohannis
1588 1026 1963 1079 Wiclefianarum
2013 1032 2063 1081 in
2112 1038 2217 1085 An-

252 1095 348 1162 glia
382 1089 581 1158 partium
620 1088 968 1155 quintodecimo
1005 1088 1191 1137 ineunte
1228 1090 1405 1138 saeculo
1439 1109 1695 1157 cognomen
1732 1096 1822 1144 fuit
1857 1101 1875 1163 )
1937 1099 2060 1149 idem
2116 1106 2217 1153 An-

254 1162 377 1229 glice
414 1161 569 1217 valet,
605 1160 730 1223 quod
767 1155 958 1205 castrum
997 1169 1152 1206 vetus.
1190 1161 1353 1222 Itaque
1386 1176 1443 1207 ex
1480 1161 1649 1210 duabus
1686 1163 1745 1211 iis
1782 1167 1973 1217 vocibus
1996 1174 2084 1218 Var
2122 1172 2215 1222 five

256 1234 377 1288 Bar,
414 1230 460 1277 8<
498 1228 574 1274 Olt
611 1224 885 1274 vocabulum
925 1227 1143 1282 Berolasis
1180 1225 1369 1275 conflari
1408 1230 1663 1292 potuit,ut
1697 1231 1819 1282 idem
1858 1235 1946 1285 hoc
1972 1239 2098 1301 plane
2121 1240 2218 1289 fue-

251 1298 348 1357 rit,
383 1296 503 1362 quod
540 1292 849 1347 παλαῖπολις.
885 1295 948 1342 Et
987 1311 1078 1343 vox
1115 1294 1388 1344 Germanica
1424 1300 1502 1343 Olt
1538 1297 1638 1347 fieri
1674 1302 1817 1365 potest
1853 1316 1905 1351 ut
1959 1305 2077 1355 olim
2137 1326 2215 1375 per

255 1363 600 1432 Langobardica
654 1374 860 1427 tempora
905 1363 1016 1410 Olas
1049 1362 1305 1412 diceretur.
1340 1364 1423 1412 Sed
1459 1365 1690 1415 rimentur
1725 1367 1761 1416 ii
1799 1370 2003 1432 felicius,
2033 1376 2112 1441 qui
2149 1395 2220 1426 at*-

259 1435 385 1485 &oas
419 1432 640 1481 dialeftos
675 1443 843 1480 norunt
871 1467 884 1490 ,
919 1448 1013 1496 quo
1050 1431 1181 1498 paS'to
1217 1434 1419 1482 Berelais
1454 1447 1532 1483 aut
1565 1438 1784 1494 Berolafis
1820 1454 2019 1490 veterem
2057 1444 2222 1496 civita·

261 1515 358 1553 tem
395 1498 746 1568 Langobardico
782 1498 1004 1549 idiomate
1040 1499 1247 1550 notarit:
1284 1501 1424 1549 modo
1460 1503 1577 1551 illud
1616 1505 1927 1567 constet‚non
1964 1510 2101 1563 aliam
2141 1532 2223 1563 no-

255 1574 435 1622 tionem
471 1572 514 1619 ei
553 1569 813 1628 voca-bulo,
850 1587 987 1635 quam
1026 1571 1329 1630 παλαΐπολιν,
1366 1569 1498 1621 fuisse
1536 1572 1779 1624 subie&am
1804 1612 1817 1625 .
1847 1578 2063 1646 [Eodem
2102 1601 2222 1634 anno

266 1659 399 1711 1727
422 1677 435 1700 ‚
473 1658 567 1707 quo
603 1638 711 1687 haec
746 1638 899 1698 edidi,
920 1637 1094 1704 prodiit
1132 1637 1276 1688 medii
1309 1637 1413 1688 aevi
1448 1641 1609 1691 Italia:
1648 1642 1696 1690 in
1734 1648 1985 1713 appendice
2017 1651 2069 1699 ad
2103 1665 2224 1705 tom.

264 1728 295 1763 2
333 1710 486 1776 script,
533 1708 751 1767 1taliae‚.
803 1708 1020 1758 Berolafis
1075 1707 1247 1757 veteris
1302 1709 1485 1775 Capuae
1535 1714 1786 1778 appellatio
1838 1716 1972 1767 fui-ffe
2019 1721 2224 1785 dicitur,

263 1780 340 1831 sed
373 1781 502 1829 nulla
537 1777 715 1827 ratione
749 1779 917 1827 allata.
953 1781 1124 1827 Laetor
1158 1776 1209 1827 in
1243 1782 1399 1828 eadem
1438 1796 1522 1829 nos
1556 1781 1798 1832 inc-urriffe
1835 1788 2027 1857 vestigia
2049 1825 2062 1841 .
2099 1794 2123 1863 ]

466 1917 518 1967 11
567 1917 906 1985 Amphitheatri
938 1917 1166 1981 Campani
1192 1932 1276 1984 per
1303 1915 1546 1982 sequiorem
1582 1935 1769 1971 aetatem
1800 1923 1982 1982 historia
2000 1964 2018 1978 2

404 2056 477 2104 XI
511 2057 585 2104 Ac
621 2056 676 2105 de
712 2056 895 2106 barbara
932 2057 1101 2105 nostrae
1140 2054 1277 2104 huius
1312 2072 1472 2104 caveae
1528 2060 1831 2123 appellatione
1880 2065 1988 2117 satis
2017 2102 2031 2116 .
2085 2070 2228 2119 Nune

265 2124 378 2193 quid
416 2125 564 2173 eidem
605 2143 683 2190 per
718 2127 869 2174 eadem
911 2126 992 2175 illa
1030 2125 1233 2175 infelicia
1254 2126 1428 2177 saecula
1456 2128 1732 2192 conti-gerit,
1755 2149 1889 2197 porro
1915 2136 2235 2202 exsequamur„

266 2197 343 2244 Ac
377 2194 624 2243 Ge-nlerico
661 2195 865 2260 primum
905 2197 1085 2261 Capuae
1121 2196 1379 2246 vastitatem
1419 2200 1632 2246 afferente
1654 2236 1667 2258 ,
1689 2217 1797 2248 num
1834 2205 1944 2268 quid
1981 2205 2234 2256 infortunii

266 2262 375 2313 huic
416 2264 532 2311 moli
568 2265 823 2322 acciderit,
861 2264 963 2328 quis
1001 2265 1134 2313 facile
1170 2267 1421 2331 assequetur
1459 2265 1475 2313 ἓ
1510 2271 1571 2316 Et
1609 2267 1637 2315 fi
1675 2270 1784 2334 quid
1823 2290 1847 2320 a
1878 2273 2125 2323 Gen-serico
2162 2274 2233 2323 in·

268 2332 418 2381 iuriae
455 2333 626 2397 passum
649 2368 663 2391 ‚
699 2352 721 2380 a
761 2332 996 2381 Postumio
1034 2335 1292 2399 Lampadio
1330 2336 1560 2385 consulare
1580 2338 1858 2403 Campaniae
1897 2343 2114 2392 refeffium
2154 2360 2236 2408 pu·

264 2411 346 2459 te,
382 2400 513 2449 cuius
548 2400 663 2448 olim
703 2400 943 2465 inscriptio
979 2401 1026 2450 in
1065 2402 1407 2468 amphitheatro
1444 2419 1619 2470 reperta
1658 2441 1672 2464 ,
1718 2424 1832 2472 quae
1880 2428 2001 2459 nunc
2046 2413 2234 2476 Capuae

265 2468 457 2527 visitur,
481 2469 536 2518 fic
574 2469 742 2518 habet:
781 2472 1127 2519 POSTVMIO
1165 2507 1178 2519 .
1215 2474 1581 2523 LAMPADIO
1617 2510 1630 2521 .
1670 2477 1732 2523 V.
1769 2480 1825 2526 C.
1864 2477 1953 2527 ET
1993 2516 2003 2527 .
2046 2483 2231 2528 lNLV-

267 2538 418 2585 STRI
455 2572 467 2584 .
504 2539 693 2587 CONS.
733 2540 1145 2587 CAMPANIAE
1180 2575 1192 2587 .
1232 2542 1684 2591 RESTITVTORI
1723 2579 1736 2593 .
1772 2548 2068 2596 PATRIAE
2097 2551 2236 2596 .ETr

272 2606 890 2654 REDINTEGRATORI
927 2641 939 2654 .
974 2609 1250 2656 OPERVM
1286 2645 1297 2660 .
1336 2611 1806 2662 PVBLICORVM.
1831 2628 1975 2664 cetera
2000 2619 2098 2681 lege
2118 2616 2234 2682 apud

271 2675 409 2724 Grut.
447 2690 490 2738 p.
526 2690 657 2740 459,
699 2681 759 2732 ί,
799 2675 852 2723 de
888 2691 976 2741 qua
1012 2675 1311 2735 inscriptione
1336 2677 1458 2726 valibi
1498 2680 1674 2729 dicetur
1715 2717 1727 2729 .
1764 2684 1848 2731 Per
1881 2683 2078 2732 Gothica
2112 2696 2237 2732 certe

273 2751 482 2806 tempora
519 2759 637 2807 nego
672 2745 814 2792 ullam
854 2743 897 2790 ei
936 2744 1113 2792 illatam
1152 2743 1522 2799 iniuriamzcum
1561 2748 1707 2797 adhuc
1744 2751 2141 2817 amphitheatralis
2161 2770 2238 2800 ve-

271 2823 404 2858 natus
439 2810 487 2858 in
529 2812 677 2875 pretio
711 2813 756 2858 Sc
795 2811 967 2860 honore
1003 2813 1143 2870 esset,
1180 2825 1231 2861 ut
1266 2830 1321 2861 ex
1360 2817 1575 2880 Senatore
1614 2834 1642 2865 v
1682 2835 1775 2869 var.
1823 2838 1887 2882 42.
1936 2821 2237 2886 colligimus,

275 2878 354 2925 ubi
394 2881 568 2928 multus
605 2879 660 2927 est
702 2880 748 2927 in
787 2880 1159 2945 amphitheatrali
1198 2881 1440 2933 venatione
1476 2883 1791 2936 dest-,ribend-a.
1831 2889 2016 2938 Adhaec
2053 2893 2240 2956 Lango-

274 2945 456 2996 bardica
491 2949 812 2997 dominatione
844 2949 1088 2997 obtinente
1110 2987 1124 3008 ‚
1161 2968 1254 3014 quo
1290 2962 1497 3017 tempore
1536 2953 1776 3004 Radelchis
1814 2958 2064 3007 Beneventi
2115 2960 2237 3024 prinu

276 3031 382 3078 ceps
418 3017 699 3082 Campanis,
739 3018 859 3081 quod
901 3016 949 3066 hi
991 3018 1230 3066 Siconolfo
1267 3020 1439 3069 Salerni
1477 3019 1675 3088 principi
1716 3025 1965 3086 studerent,
2005 3027 2237 3077 infenfiffi-

268 3095 410 3145 mus,
443 3087 688 3137 Saracenos
723 3085 804 3138 fibi
839 3084 1095 3149 adiunxit,
1132 3091 1420 3155 Capuamque
1445 3091 1720 3155 primariam
1767 3095 1785 3162 (
1829 3107 1878 3145 ut
1928 3097 2077 3147 verbis
2135 3108 2235 3146 utar

1276 3159 1322 3206 V
1382 3174 1410 3208 2
2106 3166 2238 3234 igno-
