2622 3522
352 144 418 193 26
891 139 1787 192 CApvrPniva.

316 230 320 231 ⁷
354 217 449 258 lim
490 208 689 257 Caesaris
728 208 966 267 socerum,
1003 209 1119 255 hunc
1158 224 1268 253 vero
1304 224 1554 271 generum,
1588 209 1632 255 &
1668 209 1754 255 alia
1792 209 2007 256 nonnulla
2065 209 2183 259 mih-i
2227 211 2317 260 mi·

358 281 486 327 nime
524 278 875 341 praeterietnda.
920 296 935 325 1
982 279 1052 322 Ac
1093 276 1292 338 primum
1304 246 1379 320 t'hi
1418 274 1583 322 summi
1622 275 1733 338 reip.
1774 279 1828 323 R.
1868 276 1956 322 viri
2000 294 2089 324 non
2139 278 2184 326 in
2225 278 2325 343 lpe-

356 347 474 392 ciem
516 345 693 401 solum,
733 357 870 407 utque
905 361 1008 391 eum
1048 343 1263 390 honorem
1304 343 1508 389 coloniae
1546 341 1798 389 tribuerent
1826 379 1837 400 ‚
1875 345 2134 391 colonicum
2174 346 2318 410 magi-

350 414 535 460 stratum
578 413 812 468 inici-,unt
849 411 921 459 led
960 429 1004 458 re
1043 428 1147 458 vcra
1185 411 1387 472 Capuae
1401 409 1608 472 degentes
1647 410 1918 457 duumviros
1973 411 2011 458 se
2049 412 2321 475 gefferunt.
2342 458 2345 461 .

350 481 476 528 Hinc
515 482 559 528 Il
612 479 663 525 ad
706 484 803 524 Att.
850 495 907 543 19
946 497 1046 526 cum
1094 476 1304 540 Diphilus
1343 477 1579 540 tragoedus
1617 476 1662 522 in
1728 477 1998 541 Pompeium
2059 482 2315 541 petulanter

345 547 658 603 inveheretur,
698 548 887 601 Niz‘lra,
926 546 1163 610 inquiens,
1202 544 1373 599 ›ni‘bria
1411 559 1457 588 tu
1495 562 1538 590 es
1577 549 1778 605 MJgWs
1808 580 1820 602 ‚
1855 547 1898 591 8<
1936 558 2078 592 cetera
2122 546 2169 593 in
2207 565 2315 593 ean-

343 616 444 660 dem
485 613 783 660 sententiam.-
822 617 1001 660 Literae
1026 649 1041 669 ‚
1077 610 1229 674 inquit
1266 611 1436 657 Cicero
1476 646 1488 668 ,
1525 615 1729 672 Capuam
1782 613 1844 658 ad
1877 614 2125 675 Pompeium
2162 618 2316 661 volare

341 683 412 728 dic
418 683 636 738 ebantur,
673 681 897 728 nimirum
935 679 1229 727 duumviratu
1267 676 1331 724 ibi
1370 678 1679 741 fungentem.
1717 681 1775 724 Et
1812 694 2066 743 opportune
2130 681 2314 745 Lipsius

340 769 446 797 var.
484 750 576 797 leb}
619 765 636 796 1
700 764 795 810 cap.
838 765 888 797 11
933 761 1009 795 aut
1045 746 1200 794 errasse
1239 744 1479 791 Valerium
1518 747 1561 792 8<
1600 745 1888 793 Macrobium
1914 782 1927 803 ,
1968 764 2073 793 cum
2114 748 2314 796 scribunt

339 816 534 864 intentis
568 816 613 861 in
655 815 926 878 praelentem
968 813 1234 878 Pompeium
1278 813 1482 859 manibus
1534 813 1586 859 ab
1647 812 1863 859 histiione
1917 814 1993 860 ista
2041 814 2196 872 dicia,
2234 828 2313 863 aut

339 898 458 932 certe
500 883 731 930 historiam
772 883 970 952 specioso
1010 881 1243 928 mendacio
1279 897 1437 926 ornare
1477 879 1667 927 voluisse
1706 879 1904 926 affirmat
1942 917 1953 927 .
2009 899 2035 929 2
2077 883 2211 929 Haud
2247 897 2310 930 te-

337 969 460 1000 mere
502 969 608 997 v·eio
651 952 718 997 Pil
725 969 857 998 onem
897 946 1083 998 Tullius
1123 950 1406 1010 Campanum
1446 946 1675 995 conlulem
1714 947 2032 1009 laepenumero
2077 951 2311 1013 appellat:

339 1033 416 1066 aut
455 1018 578 1066 enim
618 1036 695 1083 per
731 1019 977 1066 ludibrium
1020 1017 1073 1063 [c
1112 1018 1242 1062 illum
1283 1026 1416 1061 vocat
1440 1051 1452 1071 ‚
1489 1029 1565 1062 aut
1601 1016 1654 1061 ad
1692 1017 2031 1079 Campanorum
2074 1018 2204 1064 simul
2247 1017 2311 1064 fa-

336 1088 449 1135 stum
490 1086 676 1144 alludit,
715 1104 806 1150 quo
843 1086 884 1132 le
920 1085 1033 1131 olim
1077 1087 1305 1130 Praetores
1359 1082 1627 1146 compellari
1685 1083 1935 1130 iubebant.
1994 1088 2152 1147 Atque
2191 1083 2310 1133 haud

336 1155 430 1202 scio
467 1173 519 1201 an
557 1171 602 1200 re
640 1172 742 1200 vera
780 1157 824 1200 8<
863 1152 983 1200 lesio
1018 1169 1095 1216 per
1131 1152 1210 1197 illa
1251 1149 1459 1197 coloniae
1497 1149 1634 1198 initia
1672 1150 1875 1197 conlules
1917 1165 2306 1217 nuncuparentur;

335 1240 438 1275 curn
481 1220 737 1286 praesertim
777 1220 1002 1268 coloniam
1043 1223 1245 1283 Capuam
1288 1220 1482 1264 Romam
1523 1219 1707 1265 alteram
1750 1218 1869 1265 idem
1908 1231 2063 1265 orator
2119 1237 2206 1265 non
2245 1237 2312 1267 ra·

335 1308 387 1337 ro
425 1290 692 1355 appellarit.
730 1292 840 1335 Sane
876 1306 942 1334 or.
982 1286 1076 1352 post
1115 1286 1204 1332 red.
1261 1285 1308 1332 in
1347 1285 1433 1332 len.
1472 1305 1514 1333 n.
1551 1304 1583 1351 7
1620 1285 1736 1333 serio
1775 1286 1853 1333 ista
1912 1286 1958 1332 in
1998 1286 2203 1334 Pisonem
2246 1287 2312 1334 ia-

336 1357 548 1406 ciuntur:
585 1361 769 1420 Capuae
808 1376 858 1402 ne
896 1372 935 1402 te
966 1357 1193 1416 pambas,
1229 1354 1272 1400 in
1313 1372 1395 1414 qua
1435 1357 1536 1400 urbe
1573 1355 1844 1405 doinictlt‘um
1899 1373 1951 1416 qu
1944 1356 2115 1400 ondam
2162 1356 2309 1416 super.

338 1427 430 1473 b⁷ae
463 1426 587 1484 suit,
626 1428 965 1471 CONSVLEM
999 1425 1209 1475 ESSE,
1262 1423 1448 1467 SICVT
1483 1425 1662 1467 ERAs'
1723 1427 1804 1468 EO
1836 1426 2192 1479 TEMPORE,
2247 1442 2308 1469 an

336 1498 497 1540 Roma?
508 1530 521 1552 ‚
563 1495 607 1539 in
634 1512 730 1556 qua
769 1494 958 1539 civitate
994 1508 1132 1536 omnes
1173 1503 1274 1534 ane
1312 1506 1390 1534 vos
1427 1489 1616 1546 consules
1644 1489 1821 1548 senatui
1853 1488 2134 1550 paruerunt?
2175 1492 2306 1539 Mul-

335 1572 378 1607 ta
419 1561 491 1608 hic
530 1561 770 1614 haberem,
806 1576 919 1623 quae
955 1558 1007 1605 de
1043 1555 1431 1619 municipalibus,
1468 1557 1514 1602 &
1553 1555 1810 1619 praesertim
1849 1557 1900 1603 de
1927 1557 2175 1621 Campanis
2204 1576 2312 1606 con-

335 1627 505 1676 sulibus
541 1628 768 1676 dicerem:
794 1627 863 1674 sed
899 1645 946 1673 ea
984 1626 1035 1672 ad
1075 1624 1195 1670 aliud
1234 1624 1518 1686 Campanum
1560 1637 1912 1671 monumentum
1952 1625 2005 1670 de
2040 1626 2309 1674 TVRCIO

335 1698 471 1746 Cos.
508 1696 554 1743 id
590 1696 649 1742 est
689 1695 868 1742 consule
903 1695 1166 1756 Campano,
1202 1703 1252 1737 ut
1314 1690 1589 1766 interpretor
1627 1727 1638 1746 ‚
1696 1691 2008 1739 illustrandum
2063 1692 2170 1739 alias
2228 1713 2311 1742 :rw

332 1767 434 1813 Θ
403 1787 430 1830 ρ
468 1764 728 1811 afferemus.
768 1760 1013 1824 Ceteroqui
1057 1758 1219 1804 {cimus
1256 1761 1319 1805 La
1304 1758 1457 1804 mxii
1494 1761 1538 1805 3<
1578 1758 1688 1805 alibi
1728 1758 1957 1806 summum
2000 1759 2309 1823 magistratum

333 1820 570 1880 dictatoris
607 1830 792 1878 nomine
829 1831 1132 1894 appellatum:
1173 1826 1332 1890 quidni
1372 1828 1551 1890 Capuae
1589 1826 1738 1874 consul
1728 1829 1789 1875 les
1827 1829 1872 1875 8<
1917 1826 2167 1877 duumviri
2207 1847 2312 1895 pro-

336 1900 508 1948 miscue
546 1897 831 1946 dicerentur?

477 1969 682 2014 XXXIV
727 1984 752 2030 3
794 1968 1001 2027 Tempus
1040 1959 1265 2055 Campani
1305 1960 1560 2009 consulatus
1596 1961 1686 2009 five
1734 1961 2047 2010 duumviratus
2094 1963 2112 2027 (
2160 1965 2313 2013 eadem

336 2037 392 2085 de
428 2051 674 2083 ceterarum
714 2033 996 2081 coloniarum
1035 2029 1240 2077 duoviris
1277 2028 1522 2076 difficultas
1557 2031 1575 2094 )
1610 2031 1828 2093 quamdiu
1868 2030 2154 2095 perdurarit,
2189 2033 2313 2080 diffi-

333 2106 429 2152 cile
466 2103 523 2150 est
562 2100 750 2150 definire
781 2136 792 2147 .
843 2099 1048 2148 Primum
1089 2097 1201 2144 illud
1262 2096 1556 2144 duumviium
1613 2114 1689 2161 par
1743 2099 1846 2146 Piso
1888 2112 2021 2162 atque
2070 2100 2314 2164 Pompeius

340 2171 542 2219 Caesaris
575 2169 805 2217 consulatu
845 2167 1152 2232 magistratum
1192 2164 1430 2223 inierunt,
1466 2182 1608 2229 eoque
1643 2202 1655 2223 ,
1713 2165 1885 2213 nonnisi
1925 2165 2017 2230 post
2074 2166 2311 2216 biennium

337 2239 491 2288 saltem
531 2239 780 2302 exactum,
816 2235 972 2282 abiiffe
1010 2232 1255 2297 putandum
1296 2232 1382 2280 est:
1421 2251 1519 2280 nam
1559 2235 1600 2280 8<
1641 2251 1733 2296 quo
1770 2252 1884 2281 anno
1923 2233 2026 2281 Piso
2064 2252 2167 2281 cum
2220 2238 2309 2283 Ga.

337 2308 466 2355 binio
503 2306 654 2354 conlul
695 2279 939 2369 proceffit‚
977 2314 1128 2349 tamen
1167 2303 1212 2347 8<
1249 2302 1428 2365 Capuae
1466 2300 1584 2348 idern
1626 2301 1704 2347 ille
1741 2302 1892 2348 consul
1930 2313 2050 2351 erat:
2087 2304 2130 2349 8<
2173 2304 2312 2350 Pom.

335 2375 487 2439 peius,
526 2392 629 2422 cum
669 2375 720 2420 de
756 2370 1006 2418 revocando
1043 2368 1263 2416 Cicerone
1298 2404 1311 2425 ,
1365 2370 1563 2416 Lentulo
1598 2370 1643 2416 8<
1683 2371 1879 2416 Metello
1927 2366 2035 2417 Cos.
2080 2369 2309 2418 decretum

335 2445 518 2505 Capuae
556 2441 695 2496 fecit,
732 2439 899 2486 ibidem
939 2436 1117 2483 summo
1154 2436 1201 2482 in
1241 2435 1502 2501 magistratu
1540 2449 1664 2483 erat.
1704 2436 1913 2494 meone,
1950 2437 2058 2500 quia
2113 2437 2164 2484 ad
2219 2438 2312 2485 for-

334 2511 545 2557 mandam
585 2508 788 2555 coloniae
824 2504 1055 2552 anamim
1093 2503 1267 2550 eosdem
1323 2502 1592 2550 duumviros
1653 2502 1700 2549 in
1756 2520 1924 2550 annum
1975 2506 2165 2552 alterum
2216 2542 2229 2563 ,
2264 2507 2312 2553 8<

332 2577 513 2625 fortasse
549 2577 685 2623 etian
726 2573 910 2621 tertium
952 2571 1075 2618 refici
1114 2589 1226 2634 opus
1263 2570 1399 2617 fuerit
1439 2578 1459 2605 >
1496 2589 1550 2618 an
1588 2588 1695 2617 v·e10
1731 2570 1991 2619 consuetum
2032 2572 2127 2633 eius
2166 2571 2311 2637 magi-

334 2646 491 2692 stratus
530 2658 708 2706 tempus
745 2639 1004 2689 diuturnius
1040 2656 1182 2685 annuo
1224 2637 1557 2686 fuerit2Enim
1597 2655 1705 2684 vero
1743 2638 1936 2686 memini
1976 2641 2114 2687 etiam
2156 2639 2311 2687 virum

333 2713 561 2760 summum
601 2710 735 2758 Card.
776 2708 1049 2761 Norilium
1073 2706 1198 2767 cujus
1236 2707 1287 2753 ad
1327 2705 1594 2770 cenotaphia
1632 2704 1782 2752 Pisana
1820 2706 2200 2754 commentarium
2234 2707 2313 2754 diu

332 2782 387 2827 e³l
428 2797 530 2827 cum
570 2780 863 2832 evolverem
900 2775 952 2822 de
991 2789 1194 2837 tempore
1232 2772 1340 2837 gesti
1391 2773 1707 2820 duumviratus
1765 2773 2024 2822 addubitare
2056 2810 2068 2820 .
2125 2777 2186 2821 Et
2237 2774 2315 2821 sub

334 2847 542 2911 Augusto
580 2844 732 2892 saltem
777 2841 980 2909 principe
1020 2842 1213 2888 incertae
1253 2839 1568 2888 diuturnitatis
1626 2840 1715 2887 fuit
1749 2876 1761 2895 ,
1817 2855 2034 2904 quantum
2087 2859 2144 2888 ex
2202 2841 2313 2888 bene

331 2918 473 2978 longo
512 2916 848 2975 Campanorum
888 2909 1099 2956 fastorum
1154 2908 1411 2971 fragmento
1449 2944 1461 2964 ,
1506 2907 1626 2972 quod
1681 2909 1904 2956 Gruterus
1958 2927 2054 2974 pag.
2107 2926 2204 2973 299
2252 2925 2312 2955 ex

333 2981 520 3048 Api-ano
554 2980 717 3039 habet,
752 2981 797 3027 8<
837 2975 1026 3043 Piohius
1063 2976 1115 3023 acl
1150 2991 1316 3023 annum
1353 2978 1414 3022 V.
1451 2977 1507 3024 C.
1543 2988 1734 3024 DCCXix
1772 3011 1786 3036 ,
1841 2950 2135 3042 perspicimus
2171 2993 2182 3023 :
2232 2974 2311 3091 υὲἱ

2178 3057 2256 3091 mo
2287 3060 2317 3093 ο
