2622 3522
345 158 417 216 ,58
927 162 1064 207 (ΠΛΡ.
1112 162 1132 207 Ι
1181 163 1587 212 AVCTA'MVM
1638 166 1697 213 Π.
2385 208 2395 217 ,

355 222 586 270 consuiatu
628 226 763 272 IMP.
802 226 1180 275 CAESAREM·
1215 228 1390 276 dietum
1432 230 1559 278 fuiffe
1600 232 1681 279 vix
1721 240 1831 296 puto
1871 266 1881 279 .
1919 233 2156 283 Confeffiis
2215 247 2329 284 vero

357 291 578 338 civilibus
614 291 774 340 duellis
813 307 908 339 tum
950 294 1133 342 demum
1174 297 1466 360 Imperatoris
1507 316 1775 362 praenomen
1812 300 2044 360 obtinuit,
2083 304 2193 350 teste
2225 308 2335 351 Sue·

355 359 616 423 tonio‘cap.
654 364 722 425 76
759 362 802 406 ὃ(
842 360 993 409 Dione
1033 363 1112 410 lib.
1151 381 1212 427 43
1261 382 1276 430 3
1316 364 1444 429 isque
1493 366 1691 428 primum
1735 367 1815 414 hac
1854 369 2042 418 notione
2080 371 2337 434 Imperator

352 426 410 472 est
449 429 737 492 appellatus:
788 447 888 475 cum
945 445 1050 478 ante
1103 432 1157 477 C.
1199 431 1369 479 Iulium
1409 433 1680 480 difflatorcm
1720 435 1835 482 illud
1876 439 2010 483 IMP.
2047 451 2223 485 tantum
2264 435 2334 484 uti

351 512 602 558 cognomen
646 495 888 543 vietoriam
928 498 1101 563 adeptis
1155 500 1344 547 ducibus
1401 502 1684 549 tribueretur
1712 540 1722 550 .
1760 505 1901 563 Quod
1953 517 2103 552 tamen
2144 523 2331 570 praeno·

352 580 454 607 men
497 562 578 607 vix
617 563 696 609 ille
721 599 733 620 ,
770 566 961 627 opinor,
1000 567 1240 617 adhibuit:
1283 585 1426 632 neque
1461 569 1586 616 enim
1623 571 1746 618 aliud
1789 589 1991 618 marmor
2029 573 2335 637 inveni,quo

350 631 405 675 C.
443 629 522 677 ille
562 630 705 678 iulius
743 635 872 679 lMP.
910 634 1164 681 CAESAR
1208 649 1524 702 nuncupetur:
1562 656 1653 702 quo
1692 640 1836 687 maius
1875 639 1945 687 his
1982 641 2162 707 cippis,
2197 655 2332 707 atque

347 696 422 744 illi
462 699 771 746 Tarracinensi
811 701 1008 765 pretium
1049 703 1263 750 accedit.

490 767 653 813 XCIII
691 768 818 826 Quid
845 787 950 816 vero
973 772 1136 818 cauffae
1159 772 1218 818 est
1245 805 1259 829 ‚
1279 774 1575 836 quamobrem
1603 775 1684 823 diu
1724 776 1817 841 post
1856 775 2088 824 dedufitam
2107 778 2336 826 coloniam

350 831 401 880 hi
439 835 628 882 termini
670 838 848 883 1VSSV
903 840 1037 885 IMP.
1087 842 1407 887 CAESARIS
1463 841 1813 891 inscriberentur
1855 843 1870 889 ἕ
1911 847 2014 891 Hoc
2056 860 2166 909 puto
2207 847 2334 894 fuiffe

349 900 397 948 in
433 902 604 960 cauffa,
644 905 763 968 quod
801 904 1036 967 diffipatos
1073 924 1152 972 per
1190 910 1307 955 bella
1343 908 1504 957 civilia
1561 914 1788 976 Campani
1845 913 2072 960 territorii
2112 914 2335 963 terminos

349 970 545 1018 diei-ator
581 971 744 1019 Caesar
780 971 828 1019 in
867 973 1048 1022 suorum
1092 989 1408 1024 veteranorum
1447 979 1638 1042 gratiam
1682 980 2061 1030 restituerirAEst
2097 984 2220 1030 enim
2263 1001 2341 1031 ve·

348 1037 536 1087 risimile
593 1057 670 1103 per
718 1053 1012 1090 evocatorum
1063 1044 1267 1092 Caesaris
1317 1048 1496 1110 Capuae
1546 1047 1834 1112 poffeffiones
1885 1049 2144 1097 habentium
2185 1051 2339 1099 absen-

346 1105 461 1153 tiam
504 1142 517 1164 ‚
554 1109 660 1156 dum
715 1108 762 1156 hi
804 1109 940 1158 civili
991 1111 1111 1159 bello
1170 1127 1393 1161 mererent
1427 1152 1441 1174 ,
1481 1130 1653 1164 veteres
1700 1117 1807 1165 illos
1845 1119 2104 1182 Campanos
2159 1120 2338 1186 aliqssuid

344 1178 583 1224 turbarum
621 1176 871 1237 excivisse,
909 1196 959 1227 ac
997 1182 1221 1229 terminos
1259 1200 1468 1248 agrorum
1507 1185 1750 1233 dimovisse
1787 1223 1800 1244 ,
1842 1199 1893 1234 ut
1930 1187 2225 1236 Caes-arianos
2261 1190 2336 1236 de-

345 1244 579 1292 turbarent
620 1280 631 1292 .
671 1247 850 1294 Notum
905 1265 964 1295 ex
1020 1250 1226 1314 Appiani
1279 1251 1500 1300 civilibus
1529 1291 1539 1307 ,
1582 1254 1764 1303 Italicos
1816 1254 1888 1303 seu
1940 1270 2112 1303 veteres
2151 1257 2335 1306 urbium

347 1312 510 1360 Italiae
547 1312 672 1360 cives
709 1312 882 1379 semper
915 1317 1197 1381 optimatum
1237 1322 1403 1368 caussae
1442 1321 1627 1379 faviffe‚
1666 1323 1939 1388 quibuscum
1978 1322 2103 1372 suam-
2140 1327 2335 1372 coniun-

347 1380 467 1427 &arn
506 1379 692 1430 salutem
732 1397 965 1448 putarent.
1005 1387 1169 1435 Caesar
1204 1401 1354 1436 autem
1397 1389 1505 1437 belli
1546 1393 1763 1455 reliquias
1803 1391 2054 1456 persecutus
2093 1430 2103 1449 ,
2151 1411 2199 1440 ac
2241 1397 2338 1442 Ro-

346 1465 487 1502 mano
520 1453 630 1497 orbe
666 1452 919 1516 composito
962 1489 977 1512 ‚
1032 1467 1083 1501 ut
1119 1455 1219 1504 suos
1255 1471 1469 1506 evocatos
1508 1457 1597 1506 suis
1644 1459 1820 1507 sedibus
1853 1461 2106 1508 restitueret
2137 1498 2149 1518 ,
2193 1481 2240 1508 ac
2281 1479 2338 1510 ne

348 1515 460 1565 fines
495 1518 701 1566 coloniae
738 1520 937 1587 amplius
974 1522 1358 1574 confunderentur
1385 1563 1397 1584 ‚
1440 1527 1666 1575 litteratos
1705 1529 1864 1593 cippos
1897 1566 1909 1585 ,
1946 1538 2082 1576 credo
2120 1566 2132 1585 ,
2169 1548 2225 1577 ex
2266 1530 2335 1578 in·

348 1587 543 1634 tervallo
578 1586 744 1637 defixit
773 1624 787 1646 ‚
823 1608 909 1654 qua
959 1593 1073 1639 olim
1111 1589 1309 1642 aratrum
1362 1596 1550 1644 duE'tum
1591 1595 1737 1645 fuerat
1769 1632 1779 1643 .
1816 1600 1876 1643 Et
1915 1597 2020 1644 vide
2057 1615 2110 1645 an
2151 1612 2239 1646 non
2279 1599 2333 1648 ad

347 1655 458 1703 hae:
495 1666 701 1721 tempora
735 1656 898 1707 referri
936 1674 1147 1726 oporteat
1181 1663 1295 1711 illud
1334 1665 1449 1729 legis
1488 1663 1633 1713 Iuliae
1667 1679 1803 1731 caput
1830 1702 1843 1723 ,
1881 1664 1934 1714 de
1973 1684 2066 1729 quo
2101 1667 2333 1714 Callistra-

347 1732 423 1769 tus
458 1723 490 1770 l.
529 1725 612 1771 ult.
650 1726 708 1771 D.
744 1725 797 1773 de
833 1738 969 1777 term.
1006 1742 1118 1777 mot.
1158 1730 1207 1780 in
1246 1732 1354 1781 haec
1392 1733 1527 1781 verba
1564 1751 1575 1780 ε
1615 1738 1732 1798 Lege
1767 1736 1946 1794 agrmia
1976 1770 1990 1792 ,
2027 1754 2158 1798 quam
2196 1739 2336 1786 Caius

343 1789 504 1850 Caesar
537 1794 645 1840 tulit
682 1795 896 1855 adversus·
932 1816 1000 1845 eos
1035 1801 1116 1862 qui
1153 1803 1360 1849 terminos·
1385 1802 1582 1858 statutos
1615 1819 1744 1850 extra
1771 1803 1903 1862 suum
1939 1808 2130 1866 gradum
2158 1806 2335 1866 finesve

346 1862 569 1908 moverint
602 1862 702 1909 dolo
735 1866 873 1924 malo,
904 1870 1165 1931 pecuniaria
1195 1887 1335 1933 poena
1369 1873 1596 1928 constituta
1635 1872 1689 1927 est
1729 1892 1751 1918 .·
1784 1890 1884 1918 nam
1923 1874 1968 1919 in
2006 1873 2210 1920 terminos
2236 1874 2332 1929 sin-

341 1929 477 1993 gulos
509 1966 522 1988 ,
560 1949 667 1994 quos
704 1933 905 1981 eiecerint
940 1938 1083 1984 locove
1118 1941 1336 1986 moverint
1372 1941 1696 2003 quinquaginta
1742 1959 1889 1987 aureos
1927 1941 1973 1986 in
2006 1941 2183 2004 publico
2218 1943 2338 1990 'darc'

346 1998 499 2045 iubet:
542 2001 599 2046 (9¹
637 2000 728 2045 eius
765 2002 970 2051 affionem
1009 2041 1024 2062 ,
1053 2008 1309 2069 petitionem
1347 2010 1386 2055 ei
1424 2009 1500 2072 qui
1534 2009 1654 2055 volet
1703 2009 1777 2072 effe
1827 2009 1948 2055 iubet
1979 2044 1989 2055 .
2028 2011 2086 2055 Et
2125 2008 2222 2056 sane
2260 2027 2338 2058 ex·

346 2065 487 2129 preffa
523 2065 603 2114 illa
640 2070 818 2117 notatio
855 2074 1036 2119 IVssV
1065 2079 1172 2139 Imp.
1213 2077 1418 2136 Caesaris
1452 2112 1467 2134 ‚
1503 2078 1577 2125 vel
1615 2092 1711 2126 rem
1751 2088 1877 2124 antea
1938 2077 2188 2142 neglecstam
2234 2114 2246 2134 ‚
2285 2096 2335 2127 ac

349 2132 498 2196 postea
534 2152 590 2182 eo
624 2135 807 2184 aufflore
845 2139 1107 2191 transa&a1n
1148 2144 1320 2192 indicat
1362 2181 1375 2201 ‚
1414 2146 1487 2193 vel
1524 2145 1769 2192 eorundem
1810 2143 2116 2192 terminorum
2159 2144 2340 2195 restitu-

345 2201 521 2249 tionem
559 2204 804 2253 notat.Sic
842 2209 958 2273 apud
995 2212 1127 2258 Grut.
1167 2230 1206 2276 p.
1234 2216 1354 2277 198,
1379 2232 1422 2261 n.
1448 2215 1942 2263 12COLLEG1'VM.
1978 2216 2341 2263 AVGVRVM.

344 2271 670 2319 AVCTORE
676 2308 883 2324 .....
920 2279 1298 2329 HADRIANO
1301 2317 1556 2330 ......
1596 2283 1966 2331 TERMiNOS.
2038 2285 2335 2331 POMERII.

345 2339 873 2392 RESTITVENDOS.
909 2345 1231 2398 CVRAVIT.
1272 2350 1373 2400 Nisi
1410 2350 1441 2398 fi
1499 2349 1604 2415 quis
1659 2350 1793 2398 malit
1847 2352 1900 2398 ad
1938 2348 2037 2396 suos
2088 2365 2333 2409 evocatos,

274 2454 275 2457 ,
346 2423 463 2470 quos
501 2423 524 2453 e
561 2409 741 2457 colonia
777 2413 934 2476 Capua
970 2414 1206 2465 exciverat
1241 2455 1253 2476 ‚
1291 2419 1639 2468 remunerandos
1693 2416 1917 2466 territorii
1981 2416 2183 2465 colonici
2222 2427 2335 2466 fines

347 2473 583 2523 Caesarem
623 2477 944 2542 ampliaviffe‚
980 2485 1024 2530 &
1062 2503 1147 2550 qua
1187 2500 1386 2536 aratrum
1423 2488 1613 2537 duEtum
1651 2487 1741 2535 fuit
1784 2523 1799 2546 ,
1834 2484 2057 2535 terminos
2096 2485 2225 2535 hosce
2262 2487 2334 2534 ina

348 2540 540 2608 scriptos
578 2544 834 2610 imposuisse
860 2586 872 2597 .

487 2614 650 2660 XCIV
706 2617 802 2665 Iam
852 2634 962 2667 vero
1018 2638 1075 2668 ex
1127 2624 1440 2674 Tarracinensi
1492 2623 1690 2673 eiusdem
1742 2623 1945 2690 exempli
2000 2623 2142 2688 cippo
2195 2623 2336 2671 discas

350 2679 647 2738 Tarracinam
687 2683 815 2732 fuiffe
853 2704 987 2735 unam
1031 2707 1088 2737 ex
1127 2692 1322 2740 coloniis
1362 2695 1552 2742 Iulianis
1595 2729 1608 2750 ,
1644 2710 1832 2755 eamque
1868 2694 2001 2741 semel
2039 2693 2153 2738 olim
2196 2692 2337 2739 libera

347 2749 461 2810 Rep.
501 2750 605 2796 teste
643 2752 789 2801 Livio
835 2756 1070 2806 dedufflm
1113 2796 1125 2817 ‚
1169 2759 1335 2808 iterum
1377 2763 1470 2826 post
1510 2761 1653 2808 civile
1708 2763 1881 2808 bellum
1919 2779 1941 2808 a
1978 2760 2165 2808 Caesare
2203 2759 2334 2806 fuifle

352 2816 585 2864 coloniam
622 2821 911 2871 constitutam
954 2862 965 2872 .
1004 2829 1222 2876 Ceterum
1279 2830 1385 2877 haec
1421 2849 1537 2896 quae
1591 2830 1804 2877 haetenus
1838 2829 1936 2876 dixi
1979 2865 1993 2886 ‚
2028 2846 2118 2893 quo
2161 2827 2333 2874 nostro-

348 2899 450 2931 rum
489 2885 790 2937 terminorum
832 2892 1179 2958 inscriptionem
1217 2898 1270 2946 ad
1293 2899 1532 2947 Caesarem
1573 2914 1746 2961 patrem
1785 2898 1997 2944 referrem
2021 2916 2074 2953 ,a
2116 2894 2218 2942 filio
2254 2895 2332 2942 ab·

350 2950 598 3002 iudicarem
633 2993 646 3015 ,
685 2975 830 3021 neque
866 2961 1086 3010 affirmare
1123 2965 1225 3013 dixi
1274 3003 1287 3023 ‚
1325 2984 1469 3032 neque
1507 2967 1662 3015 aufflor
1700 2978 1777 3013 aut
1816 2965 1977 3012 fundus
2015 2963 2216 3012 fuerim.
2260 2961 2334 3011 Ad

350 3020 609 3087 Augustum
650 3025 677 3072 si
714 3028 822 3093 quis
858 3030 991 3077 malit
1024 3067 1037 3091 ‚
1084 3049 1162 3097 per
1215 3051 1289 3081 me
1327 3035 1486 3084 licebit
1522 3069 1537 3084 .
1576 3034 1726 3083 Habes
1776 3033 1987 3082 deduffiae
2023 3032 2112 3082 huc
2149 3029 2324 3147 saepilus

2142 3120 2151 3129 ⁸
2207 3117 2261 3152 ‘0
2283 3117 2334 3149 0·
