2622 3522
219 244 358 303 gastae
388 254 714 299 cognomentum
740 256 788 285 ex
821 240 862 283 S.
895 238 949 281 C.
983 231 1232 295 Campanae·
1259 235 1367 279 Vrbi
1405 226 1666 287 impositum.
1687 225 1846 270 Tribzr,
1881 226 1996 268 enim
2029 221 2081 266 ab
2116 224 2214 266 Get.

226 304 416 359 Augusto
450 301 608 345 vicibus
641 300 706 344 vel
740 294 909 342 dedusta
941 313 990 341 eo
1024 298 1173 342 iterum
1205 293 1372 339 colonia
1400 324 1412 346 ,
1457 290 1524 334 vel
1560 299 1756 332 renovata
1786 299 1902 328 vetus
1935 284 1987 327 est
2018 315 2029 326 .
2079 282 2219 325 Semel

225 377 276 406 ex
309 358 592 405 Triumvirali
624 357 716 414 lege
738 388 750 410 ‚
783 357 878 400 hinc
912 353 1085 399 Offavii
1118 354 1238 410 ipfius
1270 352 1398 405 iuffu3
1431 350 1720 402 tandem‚quo
1754 344 1884 387 noster
1916 341 2061 385 titulus
2093 339 2224 394 respi-⁸

227 420 312 473 cit,
346 418 433 474 post
465 413 688 460 Actiacam
721 412 969 460 victoriam.
1004 413 1118 457 Hine
1150 412 1203 456 cl.
1237 407 1401 455 Aneros
1433 409 1507 450 duo
1539 404 1716 448 auam-ia
1749 400 1969 446 intercalat
1996 431 2009 452 ,
2042 413 2220 454 quorum

225 477 340 534 prius
372 477 420 519 de
453 474 673 528 Campana
708 474 892 525 pertica,
924 472 1049 529 eiusq.
1083 465 1347 526 praefecturis
1380 464 1537 520 terrisq.
1583 461 1674 520 agit
1698 493 1709 504 .
1756 460 1921 504 Pertica
1952 456 2121 514 agrario·
2144 471 2222 499 no-

227 536 347 579 mine
374 531 610 575 universum
641 531 898 575 territorium
930 531 1052 574 novis
1082 529 1327 586 assignatum
1363 523 1541 567 Colonis
1572 553 1584 574 ‚
1631 530 1748 563 notat
1778 550 1789 561 .
1833 518 2092 572 Praefefiura
2124 529 2226 558 vero

228 590 427 649 quidquid
455 590 669 633 deficiente
701 589 910 633 Coloniae
943 588 1029 632 solo
1061 605 1110 634 ex
1142 587 1310 631 alterius
1355 581 1501 637 oppidi
1550 578 1700 624 finib—us
1745 575 1926 621 decisum
1952 575 2127 632 perticae
2159 573 2228 616 ad-

230 650 444 706 iungitur.
479 648 616 692 Limes
648 647 830 702 perticae
864 644 1199 702 septentrionalis
1233 643 1331 688 alias
1364 641 1543 692 Kardo,·
1574 635 1790 681 orientalis
1824 637 2079 678 Decuma-aas
2109 632 2226 675 dice-

233 709 378 752 batur.
414 707 468 752 In
500 706 722 760 Campano
755 719 893 750 autem
926 717 1026 762 agro
1057 705 1201 750 Καναῖα
1232 702 1467 751 orientem,
1514 696 1557 740 ὅ(
1594 698 1850 739 Decumanus
1884 691 2098 735 meridiem
2133 688 2225 745 spe-

231 764 372 809 &abar
395 796 406 808 .
439 764 523 807 Hic
555 766 603 807 ad
636 780 749 808 mare
781 764 906 820 usque
939 763 1173 819 longiffime
1203 758 1486 816 explicabatur
1511 786 1523 808 ,
1558 753 1632 798 ille
1664 767 1765 796 vero
1799 751 1962 795 brevior
1996 762 2109 792 erat.
2143 747 2230 791 Al-

235 839 361 869 terum
415 821 633 866 aucharium
665 823 774 867 circa
807 823 1053 877 Campanae
1087 820 1296 863 Coloniae
1330 815 1530 861 terminos
1559 813 1765 855 litteratos
1787 821 2229 863 occupatur,quorum

235 894 409 939 quatuor
441 880 620 924 incertae
654 894 794 926 tamen
825 880 1002 938 originis
1035 877 1088 923 cl.
1125 875 1286 923 Auster
1317 874 1497 929 reperit.
1533 872 1661 930 Quod
1693 869 1719 912 fi
1751 865 2095 913 hariolationibus
2130 867 2229 908 dan,-

236 944 332 983 dum
364 938 519 995 aliquid
549 939 780 993 existimat,
813 954 881 984 eos
913 939 997 994 post
1026 933 1211 981 confecta
1244 934 1392 982 civilia
1425 931 1538 976 bella
1571 931 1670 973 iuffu
1703 929 1814 982 Imp.
1849 924 2046 969 Caesaris,
2072 924 2229 968 defixos

237 1000 343 1044 effe.
375 997 564 1041 Succedit
595 999 642 1041 de
675 1012 864 1052 tempore
894 994 1071 1041 extructi
1108 989 1518 1049 Amphitheatri‚&
1551 986 1764 1042 Campani
1796 982 2140 1036 aerarii'viribus
2171 981 2235 1024 di-

238 1057 444 1112 sputatio.
479 1056 654 1100 Natales
679 1054 996 1111 Amphitheatri
1030 1056 1078 1097 ad
1123 1066 1318 1108 tempora·
1359 1047 1551 1093 coloniae
1581 1076 1594 1099 ‚
1637 1060 1722 1088 non
1767 1042 1951 1098 Reipub.
1986 1041 2234 1095 Campanae

238 1115 291 1161 el.
326 1111 490 1158 Austor
520 1114 645 1158 refert
667 1146 678 1158 .
711 1114 919 1171 Ligneum
952 1112 1054 1155 illud
1087 1125 1182 1155 ante
1215 1109 1280 1154 vel
1314 1107 1549 1153 lateritium
1588 1104 1701 1147 fuisse
1733 1115 1851 1158 putat
1881 1115 2008 1156 quam
2040 1101 2236 1143 condere-

240 1187 305 1217 tur
338 1187 646 1225 marmoreum,
678 1189 700 1217 a
733 1173 906 1227 Capuae
936 1171 1127 1215 coloniae
1159 1169 1318 1213 aerario
1348 1169 1515 1210 demum
1549 1162 1775 1207 excitatum
1808 1193 1818 1204 .
1874 1158 2083 1203 Coloniae
2116 1157 2237 1201 enim-

238 1231 371 1276 cuivis
403 1230 610 1286 peculiare
641 1232 842 1275 aerarium
872 1243 971 1283 erat,
987 1230 1093 1286 quod
1125 1228 1273 1272 reditus
1306 1243 1354 1271 ex
1388 1222 1563 1280 praediis
1594 1219 1798 1276 publicis,
1829 1233 2013 1273 poenae,
2046 1215 2235 1261 haeredi-

241 1303 346 1334 tates
379 1321 390 1342 ‚
425 1289 559 1345 legata
579 1320 596 1342 ‚
625 1290 867 1333 donationes
891 1319 904 1342 ‚
934 1288 977 1331 &
1012 1287 1249 1342 principum
1283 1283 1511 1329 liberalitas
1545 1280 1751 1336 augebant
1779 1309 1801 1323 ,Δ
1842 1278 2065 1320 Praeerant
2096 1273 2239 1319 eidem

245 1348 490 1403 Quaestores
508 1347 799 1402 Coloniarum,
816 1343 1104 1402 ve1‚Praefe5}i
1139 1342 1472 1399 aerario‚qualis
1505 1338 1764 1394 Campaniae
1795 1335 1981 1380 Calenus
2013 1333 2237 1389 obtigerat,

244 1406 521 1462 spefitabantq»
554 1405 630 1449 huc
664 1406 902 1450 Kalendarii
936 1418 1140 1449 curatores
1174 1403 1387 1459 publicam
1419 1398 1608 1443 coloniae
1641 1397 1845 1440 summam
1876 1392 2035 1437 foenori
2061 1393 2204 1435 dantes
2228 1421 2244 1443 ,

245 1463 448 1521 fingulii'q.
480 1464 668 1510 kalendis
700 1479 987 1521 extorquentes
1017 1463 1164 1507 usuras.
1183 1463 1451 1516 Campanum
1482 1468 1596 1501 certe·
1610 1454 1812 1500 aerarium
1838 1453 1991 1509 pingue
2015 1452 2238 1495 admodum

249 1523 425 1579 praediis
458 1522 719 1568 fertiliffimis
750 1537 862 1568 erat.
897 1524 1034 1568 Terra
1068 1520 1219 1564 Gnosia
1251 1521 1363 1575 apud
1390 1515 1610 1562 Cretenses
1655 1513 1827 1569 triginta
1860 1511 2117 1555 scutatorum,
2143 1507 2242 1551 mil-

249 1583 308 1626 lia
341 1581 570 1642 quotannis
593 1582 718 1637 Reip.
753 1583 1001 1637 Campanae
1034 1580 1253 1632 reddebat,
1276 1594 1378 1635 quae
1415 1574 1565 1619 Lucani
1600 1571 1840 1628 ampliffimi
1876 1570 1960 1626 agri
1981 1568 2053 1623 ,ἃ
2084 1568 2242 1611 Leuco-

250 1642 341 1698 gaei
372 1639 493 1683 collis
525 1639 797 1694 proventibus
828 1654 1030 1696 perpetuo
1060 1638 1344 1696 augebantur.
1392 1634 1594 1690 Reliquos
1625 1630 1740 1675 tituli
1773 1629 1910 1674 versus
1942 1644 1976 1672 c.
2010 1627 2058 1670 ΙΙ
2092 1625 2136 1668 δί
2170 1624 2246 1669 111

252 1699 515 1753 expendunt.
550 1699 811 1742 Hadrianum
840 1699 1061 1755 legendum
1095 1698 1171 1741 effe
1203 1708 1372 1748 monet,
1405 1696 1510 1750 quod
1542 1690 1766 1736 excitandis
1797 1720 1810 1742 ‚
1843 1685 2113 1741 reficiendisq.
2145 1698 2249 1739 ope-

255 1758 367 1802 ribus
400 1756 631 1811 plurimum
663 1756 697 1800 is
723 1757 971 1812 impenderit
1016 1788 1028 1809 ‚
1070 1756 1348 1810 stupendumq.
1394 1750 1619 1796 extruxerit
1667 1746 1950 1791 Nemausense
1982 1743 2247 1798 amphithea-

252 1831 362 1861 trum
386 1846 396 1857 .
432 1815 583 1858 Incidit
613 1815 749 1870 operis
778 1815 897 1859 huius
930 1811 1200 1859 architecstura
1234 1812 1277 1856 in
1310 1825 1518 1856 extremos
1552 1806 1754 1851 Hadriani
1787 1820 1914 1849 annos
1946 1835 1958 1858 ‚
1991 1818 2060 1847 eos
2091 1801 2196 1845 forte
2232 1830 2247 1853 ,

253 1891 348 1919 cum
380 1877 394 1924 (
431 1873 719 1918 Tillemontio
750 1874 908 1917 arbitro
938 1877 956 1927 )
990 1874 1047 1918 A.
1083 1873 1136 1915 C.
1175 1885 1254 1925 119
1288 1870 1330 1913 in
1379 1869 1668 1923 Campaniam
1707 1865 1936 1908 succederet
1970 1893 1982 1915 ‚
2029 1863 2116 1916 deq.
2150 1858 2246 1902 refi-

255 1934 400 1978 ciendo
431 1931 632 1988 cogitaret
661 1932 996 1987 amphitheatro.
1031 1932 1160 1975 Mors.
1187 1943 1327 1973 tamen
1358 1929 1534 1972 eundem
1570 1922 1818 1981 praevenit,
1841 1923 1946 1965 unde
1979 1918 2070 1962 filio
2104 1918 2248 1961 Anto-

253 1992 355 2036 nino
386 1989 441 2034 ob
474 1990 673 2046 insignem
707 2007 804 2048 erga
836 1990 1114 2035 caeremonias
1148 1988 1335 2044 publicas
1365 2002 1504 2031 curam
1539 1984 1581 2026 ἃ
1613 1982 1864 2039 religionem
1890 1979 1967 2022 Pio
2000 1974 2249 2031 difflo,plu-

256 2066 300 2095 ra
336 2048 514 2103 parentis
547 2049 732 2093 aedificia
765 2049 967 2094 dedicanti
1002 2081 1015 2102 ‚
1047 2046 1394 2101 consummantiq.
1429 2044 1695 2100 relinquenda
1726 2040 1803 2084 fuit
1835 2038 1971 2095 operis
2004 2035 2205 2081 dedicatio
2234 2063 2247 2077 .

256 2108 419 2152 Ansam
453 2106 547 2151 hinc
579 2107 723 2162 arripit
769 2106 874 2151 doeh
909 2108 1049 2151 Autor
1079 2107 1215 2162 lepida
1247 2138 1259 2159 ‚
1305 2103 1461 2160 dociaq.
1511 2119 1632 2159 quam
1665 2097 1942 2155 interposuit,
1989 2094 2168 2139 diatriba
2199 2094 2249 2136 de

256 2164 571 2212 dedicationibus
615 2165 730 2209 fufius
763 2166 1157 2224 agendi.Conferre
1191 2166 1408 2220 praecipue
1440 2178 1487 2206 ea
1521 2161 1661 2213 iubet²
1693 2174 1794 2215 quae
1826 2155 2051 2200 Gutherius
2081 2155 2131 2196 cle
2163 2164 2249 2195 vet.

258 2226 335 2268 iur.
369 2223 518 2279 pontif.
552 2225 651 2277 ΙΙΙ,
685 2240 723 2268 n.
761 2240 808 2268 12
845 2228 988 2278 docet,
1021 2224 1166 2280 quibus
1197 2223 1485 2278 supplementa
1516 2219 1662 2264 saltem
1707 2217 1746 2260 se
1779 2215 1954 2260 scribere
1987 2212 2205 2268 profitetur
2235 2241 2248 2254 .

260 2284 314 2328 In
346 2297 486 2326 veram
519 2282 784 2327 dedicationis
817 2284 1032 2327 notionem
1063 2314 1075 2335 ‚
1120 2282 1256 2338 primo
1296 2281 1435 2325 statim
1468 2279 1560 2322 loco
1592 2276 1770 2321 sollicite
1803 2273 1976 2329 inquirit
2004 2302 2017 2324 ‚
2061 2284 2193 2324 eamq.
2225 2283 2248 2312 a

258 2340 567 2405 consecratione
596 2342 773 2385 omnino
805 2342 965 2385 differre
997 2354 1158 2385 tuetur.
1192 2342 1379 2395 Utraque
1410 2370 1422 2393 ‚
1467 2338 1524 2381 ait
1555 2367 1568 2390 ‚
1601 2335 1680 2378 line
1703 2333 1831 2390 altera
1865 2329 2005 2388 peragi
2038 2340 2199 2383 poterat
2230 2359 2242 2370 .

260 2398 531 2465 Consecratio
562 2400 828 2454 praecedebat
859 2401 982 2443 modo
1002 2431 1014 2452 ,
1048 2402 1172 2445 modo
1204 2399 1479 2455 sequebatur3
1526 2395 1614 2440 imo
1646 2394 1689 2437 in
1723 2390 2035 2436 detestationem
2067 2387 2247 2444 quando-

260 2473 337 2523 que
367 2459 618 2502 conlecratio
652 2460 805 2512 fiebat,
837 2458 1037 2502 dedicatio
1070 2474 1279 2514 nunquam
1312 2489 1322 2500 .
1373 2455 1515 2499 Paruit
1560 2467 1696 2497 tamen
1730 2451 1897 2495 subinde
1930 2447 2053 2493 latius
2087 2445 2248 2488 dedica-

261 2516 389 2581 tionis
421 2516 672 2581 vocabulum
704 2517 1052 2561 consecrationem
1104 2517 1174 2559 suo
1218 2531 1339 2572 quoq.
1384 2513 1545 2558 ambitu
1576 2510 1844 2566 complexum
1878 2541 1889 2550 .
1946 2505 2122 2561 Proprie
2151 2517 2252 2547 vero

261 2577 445 2619 dedicare
475 2574 581 2618 mhil
615 2574 725 2619 aliud
757 2589 998 2632 erat,quam
1030 2574 1170 2630 primo
1200 2574 1378 2618 fabricae
1412 2573 1479 2616 usu
1513 2586 1605 2616 eam
1637 2569 1831 2614 secuturis
1864 2566 1996 2610 dicare
2025 2563 2248 2617 addicereq.

261 2631 413 2677 usibus.
446 2633 633 2688 Sequiori
666 2633 867 2678 latinitati
899 2634 1007 2677 idem
1040 2632 1142 2676 illud
1175 2633 1404 2677 encaeniare
1435 2630 1670 2674 dicebatur.
1706 2628 1835 2682 Apud
1867 2627 2046 2669 Graecos
2081 2622 2250 2674 ἐγκαιιικ

261 2692 375 2756 ζειν.Ἷ
406 2688 450 2732 δε
482 2694 663 2756 κριθιερέν
693 2692 898 2746 occurrit3
933 2691 1036 2734 illud
1069 2691 1250 2735 dedicare
1275 2721 1287 2743 ‚
1321 2691 1396 2734 hoc
1427 2688 1662 2732 consecrare
1693 2685 1949 2730 notar‚Nec
1981 2682 2124 2739 ignota
2158 2684 2250 2721 He·

262 2748 393 2794 braeis
426 2749 627 2794 dedicatio
657 2752 761 2807 quod
792 2749 954 2793 collatis
986 2750 1219 2804 Scripturae
1251 2748 1354 2793 locis
1390 2749 1516 2791 Deut.
1550 2747 1690 2799 XXI,
1728 2755 1779 2799 5,
1818 2742 1882 2786 ps,
1915 2755 1969 2796 29
2005 2741 2019 2790 (
2055 2754 2109 2795 30
2138 2741 2156 2791 )
2192 2751 2207 2778 1
2237 2766 2250 2788 ²

262 2807 377 2851 Neh.
409 2807 649 2873 X1·1‚·27,
682 2809 790 2852 Dan.
825 2809 926 2860 ΙΙΙ,
960 2823 982 2851 z
1003 2839 1016 2862 ,
1049 2809 1295 2852 ostenditur.
1340 2807 1474 2851 Vetus
1504 2806 1672 2850 Latium
1705 2802 1844 2858 primo
1876 2798 2052 2843 cuiusvis
2085 2796 2143 2840 rei
2176 2794 2248 2838 usu

262 2880 356 2910 eam
389 2866 562 2909 dedlcarl
595 2865 725 2910 dixit.
766 2868 783 2918 (
830 2866 1031 2911 Dedicare
1062 2882 1199 2923 namq.
1239 2881 1262 2909 a
1305 2864 1381 2909 cel.
1428 2862 1650 2908 Pacciolati
1699 2862 1742 2905 in
1774 2862 1834 2904 ed.
1870 2855 2071 2911 Calepini
2105 2851 2250 2897 Lexici

265 2924 509 2988 adoptatum
543 2924 693 2967 merito
738 2924 881 2970 exulat
910 2957 920 2968 .
964 2928 980 2977 )
1027 2924 1320 2982 Frequentiora
1364 2923 1403 2965 id
1449 2924 1594 2965 docent
1639 2934 1883 2971 marmora,
1931 2915 2159 2970 scriptaque
2191 2925 2254 2954 re-

263 2995 494 3047 centiorum
524 2997 683 3038 quoque
714 2983 1094 3038 comprobant.Sic
1127 2999 1260 3039 togam
1292 2982 1339 3025 in
1363 2982 1491 3036 funus
1522 2981 1704 3023 dedicare
1735 2979 1788 3021 est
1822 2990 1954 3020 novae
1989 2986 2109 3030 togae
2132 2969 2249 3013 usum

270 3053 317 3085 m
346 3038 489 3087 funere
522 3040 716 3089 inchoare
728 3060 749 3098 ,-
786 3041 971 3088 dedicare
1000 3041 1044 3087 in
1077 3041 1233 3100 censum
1277 3041 1332 3088 est
1363 3039 1529 3097 incepta
1557 3037 1618 3084 rei
1647 3036 1884 3095 poffeffione
1915 3047 2010 3079 eam
2027 3031 2070 3077 in
2088 3027 2276 3133 cznium'

1506 3131 1508 3133 .
2147 3101 2167 3132 e
2187 3100 2249 3132 eh
