2622 3522
671 225 1150 281 INREL1QVAM
1187 222 1790 269 Inscairr10N1-2M.
2173 225 2237 272 79

254 291 395 341 dubio
433 289 699 340 sententiam
741 291 1032 339 concederem
1074 309 1084 338 :
1122 288 1292 354 quippe
1331 288 1410 352 qui
1447 301 1640 334 coaevus
1680 276 1910 329 Antonini
1947 278 2036 328 fuit
2070 278 2086 342 (
2127 294 2231 324 nant

253 361 350 408 Dio
386 361 572 426 quidem
613 358 727 406 haud
766 361 916 424 paullo
956 359 1081 423 post,
1117 356 1377 422 Spartianus
1416 371 1527 402 vero
1564 355 1609 399 3<
1647 346 1943 415 Capitolinus
1981 364 2117 412 prope
2154 348 2232 394 du-

252 428 397 476 centis
436 428 529 494 post
565 426 855 475 Antoninum
893 427 1021 473 annis
1061 425 1279 472 vixerunt
1317 424 1332 486 )
1371 423 1414 469 8<
1453 424 1627 468 Romae
1670 416 1871 466 versatus
1909 414 1989 464 ista
2026 415 2232 480 ignorare

251 514 342 544 non
381 497 560 561 potuit.
619 495 814 542 Accedit
850 494 968 559 quod
1007 492 1270 558 Spartianus
1323 491 1369 536 &
1421 486 1716 552 Capitolinus
1744 484 1872 535 nihil
1913 484 1965 531 de
2001 502 2049 531 ea
2088 500 2132 530 re
2169 482 2231 529 af·

253 563 431 611 firmate
467 562 681 610 dixerunt
716 598 728 618 ,
765 563 845 610 nifi
883 562 1002 625 quod
1041 559 1235 608 diversas
1272 558 1323 605 de
1361 575 1410 605 ea
1447 573 1492 603 re
1530 553 1770 602 hominum
1810 552 2049 616 opiniones
2087 551 2224 597 tradi-

251 632 437 679 derunt:
480 643 635 677 contra
675 647 783 677 vero
822 629 1052 678 Pausanias
1088 628 1152 676 ita
1176 626 1399 675 affirmate
1436 623 1669 689 loquitur,
1693 623 1870 669 nullum
1910 634 1957 667 ut
1996 619 2228 682 ambigen-

249 698 296 746 di
333 700 487 747 locum
526 699 779 761 relinquat.
816 697 998 759 Quibus
1034 697 1122 743 hoc
1159 694 1297 742 etiam
1336 692 1536 749 accedit,
1559 690 1680 756 quod
1719 707 1819 737 cum
1863 688 2074 752 proxime
2115 690 2229 734 Pau·

249 765 390 813 sanias
428 764 795 814 humaniffimam
833 765 1058 829 quandam
1095 761 1583 825 clementiffimamque
1639 755 1869 805 Antonini
1920 757 2066 820 legem
2106 769 2227 801 retu·

250 833 531 881 liffetznihil
571 832 753 881 facilius
790 831 831 880 ei
870 832 1205 898 fuiffet,quam
1232 830 1300 877 'ob
1338 840 1509 877 tantam
1549 825 1818 874 clementiae
1856 822 2059 880 laudem,
2086 840 2223 887 quam

251 902 525 966 collegerat,
565 901 635 949 Pii
673 918 836 948 nomen
876 900 1166 949 consecutum
1206 898 1502 962 subiungere:
1545 907 1698 944 tamen
1736 893 1794 942 ob
1833 891 2112 958 religionum
2153 909 2230 937 cu-

248 986 343 1017 ram
382 969 429 1016 id
467 969 508 1016 ei
546 986 712 1022 nomen
750 968 1011 1032 impolitum
1050 968 1196 1016 statim
1238 966 1429 1014 subiecit
1469 982 1485 1031 3
1539 962 1714 1028 prorsus
1770 972 1819 1009 ut
1876 972 2083 1024 appareat
2119 976 2227 1023 quas

249 1037 346 1085 eius
383 1037 700 1102 appellationis
720 1037 883 1084 caussas
905 1036 1169 1101 posteriores
1206 1032 1442 1100 biographi
1484 1031 1805 1096 prodiderunt,
1832 1045 1901 1074 eas
1941 1027 2222 1074 Antoninia-

235 1122 311 1159 ,no
347 1104 526 1155 saeculo
562 1105 692 1168 fuisse
731 1105 908 1168 penitus
946 1103 1188 1151 inauditas.
1211 1105 1410 1149 Dsmum
1449 1113 1546 1148 tum
1587 1099 1640 1145 de
1675 1096 1903 1146 Antonini
1944 1096 2105 1158 insigni
2133 1104 2223 1141 cae-

240 1175 534 1221 remoniarum
571 1193 673 1220 cura
712 1172 978 1237 inscriptio,
1018 1190 1153 1237 quam
1194 1170 1320 1233 supra
1358 1168 1485 1232 posui
1513 1205 1523 1224 ,
1547 1166 1682 1214 fidem
1723 1165 1976 1220 facit‚tum
2019 1178 2127 1208 vero
2165 1161 2225 1209 ob

215 1241 348 1288 'eam
391 1243 741 1289 PIETATEM
778 1243 959 1288 Numae
1011 1240 1143 1288 fuisse
1199 1249 1511 1302 comparatum
1563 1231 1822 1297 Capitolini
1865 1231 2004 1278 modo
2041 1228 2228 1278 recitata

252 1311 386 1358 verba
425 1308 528 1355 satis
565 1308 871 1356 addocentzac
913 1320 1134 1373 praeterea
1174 1307 1315 1354 habeo
1340 1301 1570 1352 Antonini
1609 1300 1856 1349 mediocris
1895 1297 2072 1345 moduli
2098 1315 2231 1346 num-

252 1394 377 1426 mum
402 1414 413 1432 ,
451 1376 578 1424 cuius
613 1376 762 1423 aversa
800 1391 923 1439 parte
960 1375 1254 1424 instrumenta
1293 1370 1574 1438 pontificalia
1621 1407 1633 1429 ,
1670 1371 1821 1434 qualia
1859 1367 2003 1432 postea
2041 1365 2087 1413 in
2125 1369 2229 1414 Au·

249 1444 355 1497 relii
393 1444 593 1491 Caesaris
618 1482 628 1499 ,
668 1457 744 1493 aut
781 1445 986 1492 Maximi
1026 1445 1228 1492 Caesaris
1267 1438 1555 1490 numismatis
1595 1438 1816 1502 insculpta
1858 1435 2246 1498 visuntumquae,

251 1512 337 1567 fine
376 1512 675 1560 controversia
712 1514 762 1559 ad
805 1512 1032 1561 Antonini
1076 1512 1297 1560 Pietatem
1337 1509 1767 1558 referuntur.Nam
1803 1502 2015 1571 quamvis
2053 1500 2101 1548 in
2141 1502 2227 1548 hoc

264 1579 499 1632 Antonini
536 1595 731 1628 nummo
767 1581 883 1629 nihil
922 1582 974 1628 cle
1013 1583 1300 1629 PIETATE
1349 1575 1613 1626 inscribitur
1656 1612 1670 1634 ‚
1726 1574 1795 1621 sed
1845 1586 2022 1620 tantum
2062 1571 2236 1617 TRIB.

264 1652 414 1697 POT.
453 1651 586 1696 COS.
626 1651 734 1707 111,
772 1649 964 1697 aliorum
1008 1663 1157 1697 tamen
1195 1649 1247 1695 ad
1287 1665 1383 1695 eam
1407 1645 1717 1694 imitationem
1757 1642 1902 1709 postea
1939 1638 2148 1689 cusorum
2183 1654 2233 1686 ea

258 1717 318 1765 est
355 1716 569 1765 omniurn
611 1717 856 1782 epigraphe
895 1719 1135 1766 PIETAS.
1167 1719 1321 1764 AVG.

393 1787 486 1832 VII
527 1786 647 1837 Illud
684 1785 863 1834 fortasse
902 1785 1241 1842 incommodat,
1277 1783 1398 1849 quod
1437 1781 1702 1831 Antoninus
1740 1775 1927 1843 quidem
1967 1776 2041 1823 vel
2080 1772 2232 1838 primo

256 1852 354 1918 ipso
394 1853 670 1918 principatus
707 1872 822 1902 anno
865 1857 1004 1902 PIVS
1044 1853 1339 1901 inscribitur:
1380 1851 1620 1917 inscriptio
1657 1866 1791 1903 vero,
1829 1862 1964 1911 quam
2002 1861 2026 1891 e
2069 1842 2232 1891 Reine-

256 1921 318 1968 sio
355 1921 690 1988 descripsimus,
729 1923 780 1970 ad
820 1922 995 1970 sextum
1035 1921 1229 1987 ejusdem
1271 1920 1493 1987 principis
1531 1935 1694 1966 annum
1738 1915 1932 1980 pertinet
1968 1911 2055 1975 (ad
2092 1927 2230 1975 quem

253 1989 391 2037 etiam
432 2008 595 2038 annum
638 2008 879 2038 nummum
921 1990 1058 2038 modo
1094 1989 1368 2054 descriptum
1410 2026 1423 2047 ‚
1459 1988 1533 2036 etsi
1573 1983 1841 2034 tribunitiae
1879 1979 2109 2046 potestatis
2148 1997 2229 2026 nu-

251 2057 411 2105 merali
454 2070 559 2105 nota
599 2058 899 2116 destitutum,
937 2057 1192 2107 Reinesiani
1228 2055 1571 2123 epigrammatis
1608 2052 1784 2102 indicio
1808 2067 1931 2109 ,non
1969 2048 2230 2095 incommo-

252 2126 305 2173 de
342 2125 593 2174 revocarim
634 2128 650 2190 )
688 2144 742 2175 ex
782 2146 874 2192 quo
909 2127 1196 2190 intelligatur
1254 2126 1643 2174 caeremoniarum
1695 2137 1848 2169 curam
1886 2119 1938 2165 ab
1980 2115 2225 2165 Antonino

253 2193 501 2258 susceptam
543 2194 659 2242 nihil
699 2196 897 2247 habuisse
933 2214 1037 2244 cum
1077 2197 1159 2242 PII
1196 2194 1497 2259 appellatione
1533 2205 1776 2240 commune
1799 2224 1808 2234 .
1848 2186 1931 2233 Sed
1969 2181 2226 2249 responderi

254 2262 432 2328 potest,
470 2280 574 2311 cum
611 2263 878 2311 Antoninus
914 2281 992 2328 per
1027 2278 1211 2310 omnem
1254 2275 1443 2309 aetatem
1504 2257 1741 2324 religionis
1780 2252 2023 2321 specimina
2062 2250 2227 2314 praese-

255 2330 429 2378 tuliffet
452 2366 464 2389 ,
521 2343 619 2378 tum
661 2348 771 2378 vcro
809 2331 958 2379 statim
996 2342 1047 2378 ut
1085 2329 1194 2393 reip.
1230 2329 1550 2396 gubernaculis
1584 2325 1750 2374 adsedit
1773 2360 1785 2381 ‚
1841 2321 1960 2370 nihil
1997 2318 2231 2384 antiquius

255 2399 488 2457 habuisse,
525 2416 658 2464 quam
702 2412 752 2446 ut
789 2399 835 2446 in
874 2397 1208 2466 religionibuS,
1247 2415 1333 2462 qua
1372 2410 1495 2462 parte
1534 2393 1875 2460 negligebantur
1899 2426 1910 2447 ‚
1941 2387 2228 2436 restituendis

250 2466 317 2516 sui
357 2466 637 2531 principatus
677 2467 927 2533 primordia
965 2465 1346 2514 commendaretz
1403 2478 1537 2530 atque
1585 2465 1644 2510 ob
1702 2477 1801 2510 eam
1841 2457 2031 2505 caussam
2071 2455 2224 2520 primo

248 2534 399 2584 statim
438 2551 556 2582 anno
591 2552 690 2583 eam
728 2535 1077 2601 appellationem
1116 2532 1202 2581 effe
1237 2533 1458 2582 nafstum:
1516 2549 1652 2597 quam
1701 2545 1808 2577 curn
1846 2525 1990 2592 postea
2027 2523 2224 2589 egregiis

248 2602 300 2653 in
337 2620 386 2650 ea
423 2620 470 2651 re
524 2601 800 2652 facinoribus
838 2606 1057 2668 praeclare
1096 2613 1299 2649 tueretur
1338 2637 1349 2660 ,
1387 2601 1493 2648 hinc
1531 2603 1576 2648 8<
1612 2595 1958 2661 inscriptionem
1998 2593 2039 2639 ei
2078 2594 2227 2657 postea

249 2670 470 2738 positam,
511 2671 812 2736 nummosque
848 2672 1000 2719 eadem
1040 2668 1367 2735 significatione
1406 2681 1626 2733 practerea
1666 2666 1889 2731 signatos.
1942 2665 2221 2724 Quanquam

246 2739 367 2806 quod
408 2738 557 2803 primo
594 2739 659 2787 sui
700 2740 826 2804 regni
863 2757 980 2787 anno
1006 2741 1173 2788 PIVM
1200 2736 1383 2785 inscribi
1423 2737 1469 2783 in
1509 2735 1714 2783 nummis
1751 2728 2045 2779 Antoninum
2069 2729 2221 2776 Tille-

249 2805 454 2857 montius
493 2820 575 2856 art.
608 2825 641 2869 4
677 2825 734 2855 ex
772 2806 1050 2871 Spanhemio
1084 2806 1312 2862 affirmat,
1337 2803 1509 2852 tametsi
1549 2815 1780 2850 tantorum
1820 2797 2110 2862 ingeniorum
2151 2797 2223 2843 vel

250 2874 498 2923 auE‘coritas
534 2875 626 2940 ipsa
664 2893 735 2921 me
773 2874 974 2939 frangit,
1022 2888 1172 2922 tamen
1213 2873 1459 2919 videndum
1502 2890 1553 2918 an
1592 2871 1650 2917 ob
1687 2866 1953 2916 tribunitiae
1991 2862 2222 2930 potestatis

249 2947 528 2992 numeralem
570 2958 723 2991 notam
761 2942 970 2991 omissam
1025 2942 1076 2989 ad
1132 2941 1331 3006 primum
1389 2938 1619 2987 Antonini
1674 2953 1841 2985 annum
1895 2951 1972 2981 eos
2009 2949 2222 2979 nummos

250 3011 545 3074 Spanhemius
582 3010 829 3061 revocarit:
867 3028 981 3075 quae
1018 3009 1136 3058 ratio
1174 3009 1192 3073 (
1229 3008 1308 3055 nisi
1347 3009 1463 3055 forte
1500 3010 1544 3055 ὃ(
1581 3008 1714 3054 COS.
1754 3004 1838 3052 fine
1880 2999 2100 3049 numerali
2141 3017 2222 3047 no-

249 3091 295 3127 ta
328 3081 503 3144 legatur
537 3082 555 3147 )
594 3079 711 3130 nihil
750 3081 901 3139 valet,
941 3077 1010 3127 uti
1046 3079 1122 3128 vel
1159 3095 1216 3128 ex
1253 3094 1307 3125 eo
1343 3075 1615 3133 numismate
1651 3111 1664 3137 2
1726 3072 1846 3138 quod
1885 3070 2023 3118 modo
2059 3068 2222 3181 deser-si-

2142 3154 2170 3202 P
2191 3155 2200 3182 ¹
2218 3173 2230 3196 ι
