2622 3522
356 172 453 225 134
895 150 1788 205 Car-vrszrrxmvm

354 232 385 280 si
422 230 461 279 ei
501 224 887 291 amphitheatrum
927 233 1106 270 tantum
1146 220 1361 271 ceffiffet.
1399 222 1552 290 Atqui
1591 227 1797 274 Berelais
1825 260 1840 285 ‚
1891 241 2007 292 quae
2041 226 2311 282 Landonem

356 295 590 363 contigit,
628 312 717 342 non
753 291 876 340 aliud
914 290 1122 356 profecto
1157 291 1249 341 fuit
1294 326 1308 348 ‚
1355 309 1492 357 quam
1530 292 1652 359 quod
1691 310 1749 343 ex
1788 305 1938 343 vetere
1974 298 2130 363 Capua
2169 298 2319 364 super·

352 368 527 417 fuerat:
569 366 613 412 &
647 363 850 410 sermone
884 360 1235 427 Langobardico
1272 360 1477 409 Berelais
1511 360 1633 410 idem
1670 363 1792 428 quod
1829 365 2108 421 παλαῖπολις
2146 365 2319 417 fuerit.

494 431 616 481 VH}
652 429 851 479 Accedit
886 432 1007 496 quod
1047 430 1139 495 post
1174 426 1373 478 eiusdem
1411 429 1624 480 Landulfi
1660 431 1861 498 episcopi
1901 448 2126 494 mortem,
2150 448 2321 485 exorto

356 504 481 553 inter
514 499 789 550 Landulfurn
831 498 1064 548 Landonis
1094 498 1246 565 segnis
1280 498 1432 548 filium
1455 536 1467 558 ‚
1500 499 1685 566 eiusque
1722 496 1938 567 patruum
1975 504 2322 555 Landonulfum

355 571 621 622 schismate:
660 569 715 617 fic
753 568 935 617 demum
977 580 1210 634 utcunque
1249 585 1317 616 res
1354 569 1415 616 est
1454 568 1733 635 composita,
1764 582 1815 618 ut
1851 572 2168 622 Landonulfus
2203 588 2324 622 nova

352 642 405 691 in
441 642 597 706 Capua
634 638 832 697 sederet,
870 637 1123 687 Landulfus
1162 653 1272 686 vero
1307 639 1547 697 Bet-olasim
1587 637 1696 686 idest
1733 639 1751 703 (
1805 649 1857 687 ut
1910 640 2123 707 equidem
2181 638 2327 691 inter·
2397 636 2401 639 ’

356 720 513 778 pretor
547 712 564 774 )
604 720 802 756 veterem
840 709 1045 773 Capuam
1072 743 1085 765 ,
1121 725 1234 772 quae
1270 706 1481 757 Landoni
1518 707 1634 772 patri
1672 705 1903 774 obtigerat
1932 745 1946 768 ‚
2000 719 2175 778 regeret
2198 745 2209 758 .
2264 713 2327 760 Et

360 779 508 828 exstat
546 775 762 828 Iohannis
798 793 923 827 vni
967 774 1152 841 epistola
1189 773 1442 841 conscripta
1477 793 1595 823 anno
1634 778 1728 825 881
1772 794 1885 843 quae
1920 777 1978 827 fic
2024 778 2321 828 inscribitur:

361 848 575 896 Omnibus
610 847 820 910 episcopis
855 847 1085 903 Caietam,
1120 845 1354 908 Neapolim
1385 881 1399 904 ‚
1449 849 1744 896 CAPVAM
1774 881 1786 904 ‚
1841 850 2237 898 BEROLASIM
2269 849 2330 896 69‘
2379 861 2381 863 ’

365 916 666 980 Amalpht'm,
703 920 1000 964 Beneventum
1036 917 1094 962 θ
1128 916 1366 981 Salernum
1400 915 1711 962 incolentibus.
1742 912 1836 961 Vbi
1875 916 2088 981 pontifex
2123 922 2332 982 Capuam

368 1003 395 1034 a
429 985 630 1042 Berolasi
666 982 730 1031 ita
765 982 1033 1049 distinguit,
1069 993 1283 1048 tanquam
1321 981 1352 1030 fi
1385 987 1595 1049 Capuam
1632 999 1798 1031 novam
1836 985 1881 1032 δε
1926 986 2210 1036 παλαίπολιν
2264 984 2337 1034 di·

369 1052 536 1106 xiffet.
571 1052 594 1119 [
631 1053 806 1101 Revera
843 1052 1076 1101 Constant.
1125 1050 1409 1119 Porphyrog.
1444 1053 1562 1117 apud
1597 1051 1915 1119 Peregrinium
1953 1053 2000 1102 in
2037 1055 2207 1120 Camp.
2237 1069 2338 1120 pag.

374 1134 474 1191 170
508 1121 678 1170 dietam
714 1138 813 1170 eam
836 1139 983 1187 ‚quae
1020 1119 1154 1170 hodie
1192 1121 1334 1171 exstat
1357 1158 1370 1180 ,
1406 1119 1473 1170 ait
1511 1123 1761 1178 Koewdvtnv
1775 1142 1802 1182 ,⁴
1818 1122 1939 1188 quod
1977 1126 2036 1172 V.
2072 1124 2150 1172 (31.
2187 1124 2340 1171 mutat

367 1193 419 1243 in
457 1191 714 1242 Κατώνων
745 1190 866 1257 quafi
903 1188 1089 1247 Καπύην
1124 1191 1230 1241 velow
1251 1227 1263 1240 .
1296 1190 1321 1258 J
1356 1192 1460 1258 Age
1497 1208 1608 1240 vero
1643 1191 1714 1240 fac
1752 1193 1991 1251 Berolafim
2031 1209 2114 1257 pro
2160 1188 2343 1257 amphi-

372 1260 556 1310 theatro
594 1259 786 1325 politum
810 1297 822 1319 ,
858 1259 962 1325 quis
999 1259 1138 1308 risum
1178 1270 1329 1308 tenere
1369 1260 1503 1324 poffit
1537 1297 1550 1319 ,
1598 1259 1755 1312 audito
1792 1261 1875 1308 vix
1913 1271 2090 1310 tantum
2129 1259 2343 1326 episcopo

375 1323 701 1393 amphitheatri
725 1327 741 1376 ἓ
762 1329 896 1378 Sedes
929 1339 1082 1376 autem
1117 1328 1320 1394 episcopi
1360 1328 1578 1378 Berolafis
1613 1329 1661 1376 in
1698 1329 1879 1378 ecclesia
1915 1331 1958 1376 S.
1981 1328 2195 1395 Stephani
2234 1327 2342 1384 fuit,

373 1397 504 1448 cuius
544 1395 802 1450 etiamnum
843 1397 957 1446 haud
994 1399 1151 1462 procul
1187 1397 1528 1464 amphitheatro
1565 1397 1755 1463 vestigia
1797 1396 2031 1446 visuntur.
2069 1395 2258 1446 Constat
2295 1394 2346 1444 id

377 1485 437 1516 ex
474 1466 810 1533 Erchemperto
847 1480 944 1532 cap.
978 1469 1060 1529 46:
1102 1466 1311 1531 Egreffus
1336 1503 1348 1524 ,
1385 1465 1571 1531 inquit,
1608 1487 1659 1514 ex
1695 1469 1800 1515 urbe
1836 1465 2030 1531 (Capua
2067 1483 2184 1513 nova
2219 1467 2346 1513 Lan-
2395 1472 2398 1481 “

377 1534 572 1601 dulfus)
611 1535 887 1599 episcopalem
922 1538 983 1582 ad
1011 1535 1157 1596 sedem
1186 1537 1408 1600 propriam
1446 1540 1501 1582 R.
1534 1535 1879 1598 Protomartyrt's
1910 1535 2170 1598 properavit
2209 1569 2223 1593 ‚
2259 1550 2344 1599 quo

374 1606 505 1671 poffit
543 1605 731 1669 quietam
769 1606 919 1653 ducere
954 1603 1237 1652 vitam.Sed
1274 1605 1319 1651 &
1356 1604 1585 1652 ecclesiam
1625 1607 1675 1650 5.
1699 1604 1879 1651 Mariae
1913 1603 2167 1651 Suricorum
2189 1639 2202 1662 ‚
2224 1619 2343 1668 quae

379 1690 501 1721 nunc
538 1674 793 1740 collegialis
828 1671 1207 1732 est‚cathedralis
1243 1672 1447 1721 ecclesiae
1485 1673 1589 1720 loco
1625 1670 1753 1720 fuisse
1790 1670 1960 1720 constat
1996 1688 2055 1720 ex
2090 1672 2230 1720 altera
2264 1674 2342 1721 Io-

382 1738 545 1791 hannis
580 1753 706 1792 vnt
748 1741 1066 1810 epistola,qua
1102 1741 1225 1790 idem
1264 1740 1515 1790 Landulfus
1549 1741 2044 1804 episcopus-suricorum
2063 1742 2345 1807 appellatur.

521 1812 589 1858 IX
627 1814 792 1877 Neque
827 1810 943 1859 illud
980 1809 1294 1860 incommodat
1330 1810 1453 1876 quod
1499 1810 1614 1875 apud
1672 1810 2054 1876 Erchernpertum
2106 1810 2349 1867 Badais,

387 1880 764 1943 amphitheatrum
804 1917 818 1939 ,
855 1880 1026 1944 colossus
1058 1882 1103 1928 ὅ(
1138 1882 1275 1928 ar'ena
1316 1892 1533 1945 tanquam
1572 1879 1822 1943 synonyma
1873 1879 2183 1946 usurpantur:
2242 1897 2350 1931 nam

383 1965 493 1996 cum
530 1949 697 1998 veteris
731 1948 940 1999 civitatis
975 1949 1196 2015 reliquiae
1230 1949 1570 2015 amphitheatro
1608 1949 1892 2014 potissimum
1942 1949 2196 1999 adiacerent
2224 1987 2238 2009 ‚
2295 1951 2350 1999 ab

381 2032 528 2083 eoque
564 2029 782 2085 tanquam
819 2034 918 2068 arce
956 2018 1224 2084 praesidium
1261 2017 1341 2068 fibi
1378 2017 1711 2067 adsciscerent:
1765 2018 1872 2066 hinc
1909 2017 2081 2067 factum
2118 2031 2169 2068 ut
2205 2023 2350 2068 Bere·

388 2087 512 2144 lais,
546 2087 624 2135 etsi
662 2086 896 2152 ceteroqui
933 2087 1215 2138 ταλαίπολιν
1248 2086 1546 2153 significaret,
1581 2098 1734 2135 tamen
1772 2087 1824 2135 ad
1861 2086 2092 2136 vitandam
2130 2096 2351 2139 ταυτολο·

388 2154 500 2217 Ὑῖαν
539 2156 560 2219 (
592 2171 696 2203 nam
731 2154 905 2204 mirum
942 2152 990 2203 in
1028 2155 1213 2204 barbaro
1247 2154 1463 2221 quamvis
1498 2154 1585 2204 illo
1620 2154 1839 2220 scriptore
1888 2155 2223 2222 Erchemperto
2273 2172 2355 2204 va-

389 2221 486 2273 riae
521 2222 739 2274 diffionis
775 2224 972 2274 studium
1009 2224 1027 2291 )
1062 2223 1165 2274 aliis
1201 2223 1465 2273 nominibus
1503 2223 1592 2272 five
1627 2242 1760 2272 arena
1813 2223 1903 2272 sive
1959 2226 2350 2289 amphitheatrum,

390 2308 417 2340 a
452 2292 631 2358 potiore
666 2291 890 2342 nimirum
924 2291 991 2341 sui
1030 2305 1185 2358 parte,
1221 2294 1523 2359 appellaretur
1563 2326 1576 2339 .
1629 2295 1691 2340 Et
1728 2303 1879 2342 tamen
1928 2296 2001 2343 vel
2054 2304 2158 2342 tum
2210 2292 2355 2342 etiam

390 2376 498 2410 tum
537 2361 865 2428 amphitheatri
904 2379 1014 2411 voce
1051 2361 1199 2411 utitur
1233 2360 1613 2427 Erchempertus‚
1643 2379 1732 2410 non
1772 2361 1958 2411 obscure
1992 2373 2144 2410 tamen
2183 2360 2356 2427 fignifi-

394 2441 493 2488 cat,
531 2429 570 2477 se
605 2431 885 2480 παλαίπολιν
919 2428 1215 2496 intelligere,
1253 2429 1399 2478 veluti
1437 2447 1541 2477 curn
1581 2447 1675 2495 cap.
1714 2445 1780 2492 50
1829 2429 2073 2478 ait:Dat0
2107 2432 2358 2480 AMPHI-

390 2498 704 2546 THEATRO
740 2498 874 2545 eidem
908 2497 1160 2556 Athanasio
1198 2515 1220 2546 ,⁶
1256 2500 1315 2545 &⁶
1350 2499 1432 2546 ille
1466 2499 1694 2557 Guaiferio
1729 2502 1790 2546 ad
1823 2499 2163 2546 cohabitandum
2211 2500 2357 2547 tradi-

394 2567 468 2630 dit
501 2566 588 2614 διε.
641 2568 751 2615 Non
786 2565 910 2615 enim
946 2566 1338 2631 amphitheatrum
1376 2568 1435 2614 ad
1467 2567 1802 2614 cohabitandum
1838 2565 1994 2614 datum
2032 2565 2123 2615 fuit
2154 2604 2168 2627 ‚
2205 2566 2276 2616 sed
2313 2566 2362 2616 id

394 2633 660 2683 universum
699 2633 820 2700 quod
855 2652 912 2682 ex
950 2635 1058 2682 urbe
1097 2648 1248 2682 vetere
1285 2634 1516 2700 superabat
1549 2669 1562 2692 ‚
1615 2635 1734 2699 quod
1772 2652 1796 2682 a
1833 2632 2065 2699 potissima
2114 2633 2180 2684 sui
2230 2648 2360 2703 parte

400 2703 769 2766 amphitheatrum
806 2701 1316 2768 dicebatur.Frequens
1351 2702 1410 2753 est
1445 2703 1563 2767 apud
1597 2701 1821 2767 sequioris
1865 2703 1967 2751 aevi
2003 2703 2243 2769 scriptores
2277 2703 2361 2752 ina

397 2768 615 2829 locutio,
650 2785 737 2837 qua
770 2770 937 2837 oppida
973 2771 1111 2820 alicui
1147 2788 1385 2838 procerum
1424 2775 1486 2820 ad
1521 2771 1852 2819 cohabitandum
1887 2808 1899 2830 ‚
1936 2775 2001 2820 ad
2035 2773 2329 2821 habitandum
2351 2806 2366 2830 ,

403 2841 465 2888 ad
499 2841 816 2887 convivendum
853 2839 949 2889 dari
986 2840 1200 2889 dicuntur
1242 2859 1254 2890 ε
1290 2857 1378 2905 qua
1415 2839 1600 2904 quidem
1639 2838 1856 2903 loquendi
1892 2840 2069 2889 ratione
2105 2857 2197 2888 non
2233 2838 2358 2888 aliud

405 2923 542 2972 quam
580 2906 739 2972 oppidi
777 2907 908 2957 illius
942 2907 1226 2967 dominatio,
1262 2921 1338 2957 aut
1375 2920 1497 2956 certe
1533 2907 1870 2968 administratio
1903 2908 2190 2975 designatur.

545 2976 586 3023 X
622 2975 739 3024 Satis
777 2976 870 3024 iam
895 3012 908 3034 ‚
943 2975 1111 3043 opinor
1146 3014 1158 3034 ,
1195 2977 1413 3044 superque
1448 2976 1804 3025 demonstratum
1843 2975 1932 3024 fuit
1967 3013 1982 3036 ‚
2031 2977 2250 3025 Berelaim
2287 2975 2362 3025 seu

403 3043 638 3104 Berolafim
675 3044 797 3094 idem
833 3045 956 3114 quod
994 3044 1274 3098 παλαίπολιν
1310 3044 1572 3115 fignificasse
1600 3079 1613 3094 .
1652 3047 1790 3096 Nunc
1826 3043 1960 3114 origo
1995 3045 2127 3096 vocis
2162 3043 2368 3116 perscru-

2268 3124 2369 3169 tan-
