<?xml version="1.0" encoding="UTF-8"?>
<!DOCTYPE html PUBLIC "-//W3C//DTD XHTML 1.0 Transitional//EN"
    "http://www.w3.org/TR/xhtml1/DTD/xhtml1-transitional.dtd">
<html xmlns="http://www.w3.org/1999/xhtml" xml:lang="en" lang="en">
 <head>
  <title>
</title>
<meta http-equiv="Content-Type" content="text/html;charset=utf-8" />
  <meta name='ocr-system' content='tesseract 3.04.00' />
  <meta name='ocr-capabilities' content='ocr_page ocr_carea ocr_par ocr_line ocrx_word'/>
</head>
<body>
  <div class='ocr_page' id='page_1' title='image "./alexiisymmachima00mazz_0163.png"; bbox 0 0 2622 3522; ppageno 0'>
   <div class='ocr_carea' id='block_1_1' title="bbox 183 189 2248 2778">
    <p class='ocr_par' dir='ltr' id='par_1_1' title="bbox 243 189 2219 380">
     <span class='ocr_line' id='line_1_1' title="bbox 665 189 2219 259; baseline 0 -18"><span class='ocrx_word' id='word_1_1' title='bbox 665 236 676 241; x_wconf 85' lang='lat'>-</span> <span class='ocrx_word' id='word_1_2' title='bbox 733 195 815 245; x_wconf 67' lang='lat' dir='ltr'>DE</span> <span class='ocrx_word' id='word_1_3' title='bbox 852 192 1082 243; x_wconf 69' lang='lat' dir='ltr'>Apom.</span> <span class='ocrx_word' id='word_1_4' title='bbox 1120 191 1386 242; x_wconf 69' lang='lat' dir='ltr'>CATABVLO</span> <span class='ocrx_word' id='word_1_5' title='bbox 1424 206 1488 239; x_wconf 74' lang='lat' dir='ltr'>m·</span> <span class='ocrx_word' id='word_1_6' title='bbox 1529 189 2219 259; x_wconf 66' lang='lat' dir='ltr'>Lvo0.157</span> 
     </span>
     <span class='ocr_line' id='line_1_2' title="bbox 243 256 2216 339; baseline -0.001 -30"><span class='ocrx_word' id='word_1_7' title='bbox 243 261 463 327; x_wconf 67' lang='lat' dir='ltr'>possunt,</span> <span class='ocrx_word' id='word_1_8' title='bbox 505 278 584 310; x_wconf 83' lang='lat' dir='ltr'>nee</span> <span class='ocrx_word' id='word_1_9' title='bbox 624 263 876 339; x_wconf 50' lang='lat' dir='ltr'>ptaemiis3</span> <span class='ocrx_word' id='word_1_10' title='bbox 916 275 1024 309; x_wconf 83' lang='lat' dir='ltr'>uta</span> <span class='ocrx_word' id='word_1_11' title='bbox 1062 261 1311 309; x_wconf 71' lang='lat' dir='ltr'>venenanda</span> <span class='ocrx_word' id='word_1_12' title='bbox 1370 258 1644 324; x_wconf 78' lang='lat' dir='ltr'>antiquitate</span> <span class='ocrx_word' id='word_1_13' title='bbox 1697 271 1853 305; x_wconf 78' lang='lat' dir='ltr'>manus</span> <span class='ocrx_word' id='word_1_14' title='bbox 1911 256 2167 321; x_wconf 81' lang='lat' dir='ltr'>abstineant</span> <span class='ocrx_word' id='word_1_15' title='bbox 2204 296 2216 308; x_wconf 97' lang='lat'>.</span> 
     </span>
     <span class='ocr_line' id='line_1_3' title="bbox 245 330 1074 380; baseline -0.003 0"><span class='ocrx_word' id='word_1_16' title='bbox 245 334 422 380; x_wconf 73' lang='lat' dir='ltr'>Verum</span> <span class='ocrx_word' id='word_1_17' title='bbox 464 348 551 377; x_wconf 90' lang='lat' dir='ltr'>non</span> <span class='ocrx_word' id='word_1_18' title='bbox 597 330 673 379; x_wconf 90' lang='lat' dir='ltr'>hic</span> <span class='ocrx_word' id='word_1_19' title='bbox 714 330 884 378; x_wconf 81' lang='lat' dir='ltr'>naeniis</span> <span class='ocrx_word' id='word_1_20' title='bbox 921 333 1074 378; x_wconf 86' lang='lat' dir='ltr'>locus.</span> 
     </span>
    </p>

    <p class='ocr_par' dir='ltr' id='par_1_2' title="bbox 247 395 2235 1071">
     <span class='ocr_line' id='line_1_4' title="bbox 390 395 2220 463; baseline -0.001 -18"><span class='ocrx_word' id='word_1_21' title='bbox 390 400 435 446; x_wconf 83' lang='grc' dir='ltr'>ΙΙ</span> <span class='ocrx_word' id='word_1_22' title='bbox 472 399 546 445; x_wconf 88' lang='lat' dir='ltr'>Ad</span> <span class='ocrx_word' id='word_1_23' title='bbox 584 415 679 445; x_wconf 89' lang='lat' dir='ltr'>rem</span> <span class='ocrx_word' id='word_1_24' title='bbox 720 399 839 463; x_wconf 89' lang='lat' dir='ltr'>quod</span> <span class='ocrx_word' id='word_1_25' title='bbox 883 397 1076 455; x_wconf 84' lang='lat' dir='ltr'>attinet,</span> <span class='ocrx_word' id='word_1_26' title='bbox 1113 414 1220 462; x_wconf 82' lang='lat' dir='ltr'>gens</span> <span class='ocrx_word' id='word_1_27' title='bbox 1256 396 1588 444; x_wconf 81' lang='lat' dir='ltr'>SATELLIA</span> <span class='ocrx_word' id='word_1_28' title='bbox 1644 412 1787 459; x_wconf 85' lang='lat' dir='ltr'>neque</span> <span class='ocrx_word' id='word_1_29' title='bbox 1822 412 1845 442; x_wconf 93' lang='lat' dir='ltr'>e</span> <span class='ocrx_word' id='word_1_30' title='bbox 1881 395 2068 444; x_wconf 86' lang='lat' dir='ltr'>Gruteri</span> <span class='ocrx_word' id='word_1_31' title='bbox 2091 432 2102 453; x_wconf 91' lang='lat'>‚</span> <span class='ocrx_word' id='word_1_32' title='bbox 2142 414 2220 444; x_wconf 84' lang='lat' dir='ltr'>nec</span> 
     </span>
     <span class='ocr_line' id='line_1_5' title="bbox 252 464 2219 533; baseline -0.002 -18"><span class='ocrx_word' id='word_1_33' title='bbox 252 465 456 515; x_wconf 74' lang='lat' dir='ltr'>Reinesii</span> <span class='ocrx_word' id='word_1_34' title='bbox 498 465 873 533; x_wconf 77' lang='lat' dir='ltr'>inscriptioni-bus</span> <span class='ocrx_word' id='word_1_35' title='bbox 911 480 1015 513; x_wconf 84' lang='lat' dir='ltr'>nota</span> <span class='ocrx_word' id='word_1_36' title='bbox 1039 501 1052 523; x_wconf 89' lang='lat'>‚</span> <span class='ocrx_word' id='word_1_37' title='bbox 1091 465 1138 511; x_wconf 88' lang='lat' dir='ltr'>in</span> <span class='ocrx_word' id='word_1_38' title='bbox 1177 465 1379 511; x_wconf 83' lang='lat' dir='ltr'>Fabretti</span> <span class='ocrx_word' id='word_1_39' title='bbox 1419 476 1592 510; x_wconf 81' lang='lat' dir='ltr'>tantum</span> <span class='ocrx_word' id='word_1_40' title='bbox 1633 464 1781 527; x_wconf 80' lang='lat' dir='ltr'>capite</span> <span class='ocrx_word' id='word_1_41' title='bbox 1822 481 1970 522; x_wconf 78' lang='lat' dir='ltr'>nono,</span> <span class='ocrx_word' id='word_1_42' title='bbox 2008 482 2099 528; x_wconf 89' lang='lat' dir='ltr'>quo</span> <span class='ocrx_word' id='word_1_43' title='bbox 2138 483 2219 511; x_wconf 69' lang='lat' dir='ltr'>no·</span> 
     </span>
     <span class='ocr_line' id='line_1_6' title="bbox 247 531 2225 610; baseline -0.002 -28"><span class='ocrx_word' id='word_1_44' title='bbox 247 552 328 582; x_wconf 81' lang='lat' dir='ltr'>vas</span> <span class='ocrx_word' id='word_1_45' title='bbox 365 545 518 598; x_wconf 78' lang='lat' dir='ltr'>gentes</span> <span class='ocrx_word' id='word_1_46' title='bbox 556 534 637 581; x_wconf 85' lang='lat' dir='ltr'>ille</span> <span class='ocrx_word' id='word_1_47' title='bbox 673 533 1036 610; x_wconf 56' lang='lat' dir='ltr'>complee’titur,</span> <span class='ocrx_word' id='word_1_48' title='bbox 1073 533 1241 580; x_wconf 70' lang='lat' dir='ltr'>duabus</span> <span class='ocrx_word' id='word_1_49' title='bbox 1299 531 1344 578; x_wconf 89' lang='lat' dir='ltr'>in</span> <span class='ocrx_word' id='word_1_50' title='bbox 1396 531 1520 578; x_wconf 86' lang='lat' dir='ltr'>urnis</span> <span class='ocrx_word' id='word_1_51' title='bbox 1575 548 1712 595; x_wconf 86' lang='lat' dir='ltr'>prope</span> <span class='ocrx_word' id='word_1_52' title='bbox 1764 545 1967 578; x_wconf 81' lang='lat' dir='ltr'>montem</span> <span class='ocrx_word' id='word_1_53' title='bbox 2035 531 2225 580; x_wconf 51' lang='grc' dir='ltr'>ΡοὶὶῐὶειΨ</span> 
     </span>
     <span class='ocr_line' id='line_1_7' title="bbox 251 572 2222 665; baseline -0.001 -15"><span class='ocrx_word' id='word_1_54' title='bbox 251 618 365 650; x_wconf 82' lang='lat' dir='ltr'>num</span> <span class='ocrx_word' id='word_1_55' title='bbox 365 572 591 649; x_wconf 61' lang='lat' dir='ltr'>odetecf’cis</span> <span class='ocrx_word' id='word_1_56' title='bbox 628 602 851 665; x_wconf 85' lang='lat' dir='ltr'>reperitur</span> <span class='ocrx_word' id='word_1_57' title='bbox 890 619 931 665; x_wconf 88' lang='lat' dir='ltr'>p.</span> <span class='ocrx_word' id='word_1_58' title='bbox 970 605 1096 661; x_wconf 72' lang='lat'>645,</span> <span class='ocrx_word' id='word_1_59' title='bbox 1133 620 1176 648; x_wconf 88' lang='lat' dir='ltr'>n.</span> <span class='ocrx_word' id='word_1_60' title='bbox 1216 602 1338 665; x_wconf 82' lang='lat'>380,</span> <span class='ocrx_word' id='word_1_61' title='bbox 1377 600 1422 646; x_wconf 78' lang='lat'>8&lt;</span> <span class='ocrx_word' id='word_1_62' title='bbox 1463 602 1552 663; x_wconf 73' lang='lat'>381</span> <span class='ocrx_word' id='word_1_63' title='bbox 1577 616 1793 662; x_wconf 86' lang='lat' dir='ltr'>,quarum</span> <span class='ocrx_word' id='word_1_64' title='bbox 1836 599 1985 661; x_wconf 77' lang='lat' dir='ltr'>priore</span> <span class='ocrx_word' id='word_1_65' title='bbox 2021 600 2222 664; x_wconf 79' lang='lat' dir='ltr'>legitut:</span> 
     </span>
     <span class='ocr_line' id='line_1_8' title="bbox 251 668 2224 732; baseline -0.004 -13"><span class='ocrx_word' id='word_1_66' title='bbox 251 673 319 719; x_wconf 83' lang='lat' dir='ltr'>A·</span> <span class='ocrx_word' id='word_1_67' title='bbox 355 671 667 717; x_wconf 76' lang='lat' dir='ltr'>PAPIRIVS.</span> <span class='ocrx_word' id='word_1_68' title='bbox 705 673 766 717; x_wconf 80' lang='lat' dir='ltr'>A.</span> <span class='ocrx_word' id='word_1_69' title='bbox 809 673 858 717; x_wconf 87' lang='lat' dir='ltr'>F.</span> <span class='ocrx_word' id='word_1_70' title='bbox 898 670 1262 716; x_wconf 83' lang='lat' dir='ltr'>SATELLIA.</span> <span class='ocrx_word' id='word_1_71' title='bbox 1314 668 1330 731; x_wconf 94' lang='lat'>(</span> <span class='ocrx_word' id='word_1_72' title='bbox 1368 684 1528 732; x_wconf 81' lang='lat' dir='ltr'>nempe</span> <span class='ocrx_word' id='word_1_73' title='bbox 1568 668 1761 728; x_wconf 75' lang='lat' dir='ltr'>matre)</span> <span class='ocrx_word' id='word_1_74' title='bbox 1802 669 1944 714; x_wconf 86' lang='lat' dir='ltr'>NAT</span> <span class='ocrx_word' id='word_1_75' title='bbox 1954 670 2039 714; x_wconf 89' lang='lat' dir='ltr'>VS.</span> <span class='ocrx_word' id='word_1_76' title='bbox 2077 670 2127 715; x_wconf 75' lang='lat' dir='ltr'>[n</span> <span class='ocrx_word' id='word_1_77' title='bbox 2165 670 2224 714; x_wconf 87' lang='lat' dir='ltr'>al.</span> 
     </span>
     <span class='ocr_line' id='line_1_9' title="bbox 257 732 2228 797; baseline -0.003 -13"><span class='ocrx_word' id='word_1_78' title='bbox 257 750 391 785; x_wconf 73' lang='lat' dir='ltr'>tera:</span> <span class='ocrx_word' id='word_1_79' title='bbox 433 739 780 784; x_wconf 76' lang='lat' dir='ltr'>SATELLIA.</span> <span class='ocrx_word' id='word_1_80' title='bbox 819 738 874 784; x_wconf 91' lang='lat' dir='ltr'>C.</span> <span class='ocrx_word' id='word_1_81' title='bbox 913 740 962 784; x_wconf 87' lang='lat' dir='ltr'>F.</span> <span class='ocrx_word' id='word_1_82' title='bbox 1002 738 1302 784; x_wconf 79' lang='lat' dir='ltr'>VELIZZA.</span> <span class='ocrx_word' id='word_1_83' title='bbox 1342 738 1402 782; x_wconf 89' lang='lat' dir='ltr'>Et</span> <span class='ocrx_word' id='word_1_84' title='bbox 1439 732 1800 797; x_wconf 83' lang='lat' dir='ltr'>quandoquidem</span> <span class='ocrx_word' id='word_1_85' title='bbox 1823 736 1980 783; x_wconf 85' lang='lat' dir='ltr'>eodem</span> <span class='ocrx_word' id='word_1_86' title='bbox 2005 736 2228 783; x_wconf 72' lang='lat' dir='ltr'>loctuna-</span> 
     </span>
     <span class='ocr_line' id='line_1_10' title="bbox 257 802 2231 869; baseline -0.001 -18"><span class='ocrx_word' id='word_1_87' title='bbox 257 822 349 869; x_wconf 83' lang='lat' dir='ltr'>que</span> <span class='ocrx_word' id='word_1_88' title='bbox 389 821 499 851; x_wconf 89' lang='lat' dir='ltr'>urna</span> <span class='ocrx_word' id='word_1_89' title='bbox 533 804 680 852; x_wconf 74' lang='lat' dir='ltr'>effossa</span> <span class='ocrx_word' id='word_1_90' title='bbox 719 804 841 863; x_wconf 77' lang='lat' dir='ltr'>fnit,</span> <span class='ocrx_word' id='word_1_91' title='bbox 878 805 1110 853; x_wconf 76' lang='lat' dir='ltr'>Satelliarn</span> <span class='ocrx_word' id='word_1_92' title='bbox 1152 802 1395 851; x_wconf 81' lang='lat' dir='ltr'>Velizzam</span> <span class='ocrx_word' id='word_1_93' title='bbox 1436 803 1608 866; x_wconf 83' lang='lat' dir='ltr'>Papirii</span> <span class='ocrx_word' id='word_1_94' title='bbox 1651 816 1840 849; x_wconf 84' lang='lat' dir='ltr'>matrem</span> <span class='ocrx_word' id='word_1_95' title='bbox 1866 803 1993 850; x_wconf 81' lang='lat' dir='ltr'>fuisse</span> <span class='ocrx_word' id='word_1_96' title='bbox 2010 806 2231 868; x_wconf 88' lang='lat' dir='ltr'>oportuit.</span> 
     </span>
     <span class='ocr_line' id='line_1_11' title="bbox 266 869 2235 936; baseline -0.001 -17"><span class='ocrx_word' id='word_1_97' title='bbox 266 874 429 936; x_wconf 86' lang='lat' dir='ltr'>Itaque</span> <span class='ocrx_word' id='word_1_98' title='bbox 468 874 604 919; x_wconf 87' lang='lat' dir='ltr'>altera</span> <span class='ocrx_word' id='word_1_99' title='bbox 643 873 824 920; x_wconf 87' lang='lat' dir='ltr'>demum</span> <span class='ocrx_word' id='word_1_100' title='bbox 867 873 972 920; x_wconf 85' lang='lat' dir='ltr'>haec</span> <span class='ocrx_word' id='word_1_101' title='bbox 1010 871 1153 918; x_wconf 84' lang='lat' dir='ltr'>nostra</span> <span class='ocrx_word' id='word_1_102' title='bbox 1204 872 1264 918; x_wconf 86' lang='lat' dir='ltr'>est</span> <span class='ocrx_word' id='word_1_103' title='bbox 1314 871 1529 928; x_wconf 86' lang='lat' dir='ltr'>Satellia,</span> <span class='ocrx_word' id='word_1_104' title='bbox 1567 869 1694 917; x_wconf 75' lang='lat' dir='ltr'>cuius</span> <span class='ocrx_word' id='word_1_105' title='bbox 1748 888 1999 936; x_wconf 80' lang='lat' dir='ltr'>cognomen</span> <span class='ocrx_word' id='word_1_106' title='bbox 2056 873 2235 919; x_wconf 63' lang='lat' dir='ltr'>ANVS</span> 
     </span>
     <span class='ocr_line' id='line_1_12' title="bbox 264 938 2231 1005; baseline 0 -19"><span class='ocrx_word' id='word_1_107' title='bbox 264 938 401 988; x_wconf 80' lang='lat' dir='ltr'>semel</span> <span class='ocrx_word' id='word_1_108' title='bbox 442 951 618 988; x_wconf 81' lang='lat' dir='ltr'>tantum</span> <span class='ocrx_word' id='word_1_109' title='bbox 656 941 799 1005; x_wconf 83' lang='lat' dir='ltr'>reperi</span> <span class='ocrx_word' id='word_1_110' title='bbox 838 941 951 1005; x_wconf 84' lang='lat' dir='ltr'>apud</span> <span class='ocrx_word' id='word_1_111' title='bbox 989 942 1122 986; x_wconf 92' lang='lat' dir='ltr'>Grut.</span> <span class='ocrx_word' id='word_1_112' title='bbox 1159 958 1199 1004; x_wconf 88' lang='lat' dir='ltr'>p.</span> <span class='ocrx_word' id='word_1_113' title='bbox 1239 942 1360 1004; x_wconf 74' lang='lat'>398,</span> <span class='ocrx_word' id='word_1_114' title='bbox 1405 955 1462 987; x_wconf 70' lang='lat'>1-1-</span> <span class='ocrx_word' id='word_1_115' title='bbox 1487 975 1498 994; x_wconf 79' lang='lat'>‚</span> <span class='ocrx_word' id='word_1_116' title='bbox 1536 938 1611 985; x_wconf 80' lang='lat' dir='ltr'>ubi</span> <span class='ocrx_word' id='word_1_117' title='bbox 1651 938 1767 985; x_wconf 61' lang='lat' dir='ltr'>reete</span> <span class='ocrx_word' id='word_1_118' title='bbox 1820 939 1988 1002; x_wconf 69' lang='lat' dir='ltr'>legitur</span> <span class='ocrx_word' id='word_1_119' title='bbox 2026 942 2231 986; x_wconf 80' lang='lat' dir='ltr'>SVLPI-</span> 
     </span>
     <span class='ocr_line' id='line_1_13' title="bbox 264 1005 2228 1071; baseline -0.001 -15"><span class='ocrx_word' id='word_1_120' title='bbox 264 1008 408 1056; x_wconf 76' lang='lat' dir='ltr'>TIA.</span> <span class='ocrx_word' id='word_1_121' title='bbox 445 1009 506 1055; x_wconf 70' lang='lat' dir='ltr'>L.</span> <span class='ocrx_word' id='word_1_122' title='bbox 539 1012 593 1055; x_wconf 87' lang='lat' dir='ltr'>F.</span> <span class='ocrx_word' id='word_1_123' title='bbox 629 1011 825 1056; x_wconf 79' lang='lat' dir='ltr'>ANVS.</span> <span class='ocrx_word' id='word_1_124' title='bbox 840 1026 928 1056; x_wconf 87' lang='lat' dir='ltr'>non</span> <span class='ocrx_word' id='word_1_125' title='bbox 944 1025 1050 1055; x_wconf 87' lang='lat' dir='ltr'>vero</span> <span class='ocrx_word' id='word_1_126' title='bbox 1071 1020 1151 1065; x_wconf 84' lang='lat' dir='ltr'>‚ut</span> <span class='ocrx_word' id='word_1_127' title='bbox 1175 1005 1740 1071; x_wconf 61' lang='lat' dir='ltr'>habentPighiischedae,</span> <span class='ocrx_word' id='word_1_128' title='bbox 1763 1009 2228 1058; x_wconf 71' lang='lat' dir='ltr'>SVLPI&#39;HANVS.</span> 
     </span>
    </p>

    <p class='ocr_par' dir='ltr' id='par_1_3' title="bbox 183 1073 2248 2778">
     <span class='ocr_line' id='line_1_14' title="bbox 408 1073 2229 1140; baseline -0.001 -16"><span class='ocrx_word' id='word_1_129' title='bbox 408 1078 477 1124; x_wconf 87' lang='grc' dir='ltr'>ΙΙΙ</span> <span class='ocrx_word' id='word_1_130' title='bbox 517 1080 607 1124; x_wconf 88' lang='lat' dir='ltr'>Iam</span> <span class='ocrx_word' id='word_1_131' title='bbox 651 1094 758 1124; x_wconf 77' lang='lat' dir='ltr'>vero</span> <span class='ocrx_word' id='word_1_132' title='bbox 797 1075 903 1140; x_wconf 84' lang='lat' dir='ltr'>quid</span> <span class='ocrx_word' id='word_1_133' title='bbox 944 1075 1019 1121; x_wconf 82' lang='lat' dir='ltr'>libi</span> <span class='ocrx_word' id='word_1_134' title='bbox 1061 1076 1145 1122; x_wconf 88' lang='lat' dir='ltr'>hoc</span> <span class='ocrx_word' id='word_1_135' title='bbox 1186 1076 1320 1131; x_wconf 88' lang='lat' dir='ltr'>vult,</span> <span class='ocrx_word' id='word_1_136' title='bbox 1357 1075 1476 1139; x_wconf 80' lang='lat' dir='ltr'>quod</span> <span class='ocrx_word' id='word_1_137' title='bbox 1526 1073 1630 1120; x_wconf 83' lang='lat' dir='ltr'>haec</span> <span class='ocrx_word' id='word_1_138' title='bbox 1687 1073 1855 1121; x_wconf 80' lang='lat' dir='ltr'>femina</span> <span class='ocrx_word' id='word_1_139' title='bbox 1909 1076 2229 1139; x_wconf 79' lang='lat' dir='ltr'>apodyterium</span> 
     </span>
     <span class='ocr_line' id='line_1_15' title="bbox 183 1141 2237 1208; baseline -0 -16"><span class='ocrx_word' id='word_1_140' title='bbox 183 1160 211 1185; x_wconf 68' lang='lat' dir='ltr'>s‘</span> <span class='ocrx_word' id='word_1_141' title='bbox 268 1160 295 1193; x_wconf 75' lang='lat' dir='ltr'>a</span> <span class='ocrx_word' id='word_1_142' title='bbox 334 1143 375 1190; x_wconf 91' lang='lat' dir='ltr'>se</span> <span class='ocrx_word' id='word_1_143' title='bbox 414 1143 632 1191; x_wconf 71' lang='lat' dir='ltr'>refe&lt;5³tum</span> <span class='ocrx_word' id='word_1_144' title='bbox 672 1144 883 1208; x_wconf 75' lang='lat' dir='ltr'>epistyliis</span> <span class='ocrx_word' id='word_1_145' title='bbox 923 1142 1172 1206; x_wconf 79' lang='lat' dir='ltr'>ceterisque</span> <span class='ocrx_word' id='word_1_146' title='bbox 1220 1141 1522 1189; x_wconf 78' lang='lat' dir='ltr'>marmoribus</span> <span class='ocrx_word' id='word_1_147' title='bbox 1572 1142 1742 1188; x_wconf 81' lang='lat' dir='ltr'>otnasse</span> <span class='ocrx_word' id='word_1_148' title='bbox 1798 1142 1967 1190; x_wconf 68' lang='lat' dir='ltr'>c&#39;icitur</span> <span class='ocrx_word' id='word_1_149' title='bbox 1992 1142 2006 1190; x_wconf 70' lang='grc' dir='ltr'><em>ἓ</em></span> <span class='ocrx_word' id='word_1_150' title='bbox 2047 1147 2115 1192; x_wconf 98' lang='lat' dir='ltr'>N</span> <span class='ocrx_word' id='word_1_151' title='bbox 2124 1162 2164 1190; x_wconf 84' lang='lat' dir='ltr'>m</span> <span class='ocrx_word' id='word_1_152' title='bbox 2207 1143 2237 1191; x_wconf 86' lang='lat' dir='ltr'>[i</span> 
     </span>
     <span class='ocr_line' id='line_1_16' title="bbox 267 1210 2244 1288; baseline -0.001 -29"><span class='ocrx_word' id='word_1_153' title='bbox 267 1210 456 1278; x_wconf 86' lang='lat' dir='ltr'>quidem</span> <span class='ocrx_word' id='word_1_154' title='bbox 495 1212 694 1274; x_wconf 74' lang='lat' dir='ltr'>epistylia</span> <span class='ocrx_word' id='word_1_155' title='bbox 733 1211 831 1258; x_wconf 88' lang='lat' dir='ltr'>sunt</span> <span class='ocrx_word' id='word_1_156' title='bbox 867 1212 1189 1258; x_wconf 83' lang='lat' dir='ltr'>columnarum</span> <span class='ocrx_word' id='word_1_157' title='bbox 1223 1211 1469 1288; x_wconf 85' lang='lat' dir='ltr'>capitella,</span> <span class='ocrx_word' id='word_1_158' title='bbox 1505 1212 1884 1275; x_wconf 78' lang='lat' dir='ltr'>quemadmodum</span> <span class='ocrx_word' id='word_1_159' title='bbox 1925 1212 2038 1275; x_wconf 84' lang='lat' dir='ltr'>apud</span> <span class='ocrx_word' id='word_1_160' title='bbox 2078 1213 2244 1258; x_wconf 79' lang='lat' dir='ltr'>latino-</span> 
     </span>
     <span class='ocr_line' id='line_1_17' title="bbox 268 1278 2239 1344; baseline 0 -17"><span class='ocrx_word' id='word_1_161' title='bbox 268 1297 373 1328; x_wconf 84' lang='lat' dir='ltr'>rum</span> <span class='ocrx_word' id='word_1_162' title='bbox 411 1278 667 1327; x_wconf 76' lang='lat' dir='ltr'>lexicorum</span> <span class='ocrx_word' id='word_1_163' title='bbox 708 1278 909 1327; x_wconf 63' lang='lat' dir='ltr'>aufflores</span> <span class='ocrx_word' id='word_1_164' title='bbox 947 1297 1104 1327; x_wconf 87' lang='lat' dir='ltr'>omnes</span> <span class='ocrx_word' id='word_1_165' title='bbox 1143 1278 1381 1326; x_wconf 75' lang='lat' dir='ltr'>invenies:</span> <span class='ocrx_word' id='word_1_166' title='bbox 1423 1296 1476 1325; x_wconf 82' lang='lat' dir='ltr'>an</span> <span class='ocrx_word' id='word_1_167' title='bbox 1516 1279 1745 1326; x_wconf 79' lang='lat' dir='ltr'>columnis</span> <span class='ocrx_word' id='word_1_168' title='bbox 1792 1281 2049 1343; x_wconf 71' lang='lat' dir='ltr'>apodyteiii</span> <span class='ocrx_word' id='word_1_169' title='bbox 2089 1279 2239 1344; x_wconf 81' lang='lat' dir='ltr'>lionea</span> 
     </span>
     <span class='ocr_line' id='line_1_18' title="bbox 268 1345 2238 1411; baseline -0.001 -17"><span class='ocrx_word' id='word_1_170' title='bbox 268 1359 346 1394; x_wconf 85' lang='lat' dir='ltr'>aut</span> <span class='ocrx_word' id='word_1_171' title='bbox 384 1347 583 1395; x_wconf 85' lang='lat' dir='ltr'>lateritia</span> <span class='ocrx_word' id='word_1_172' title='bbox 621 1347 831 1411; x_wconf 83' lang='lat' dir='ltr'>capitella</span> <span class='ocrx_word' id='word_1_173' title='bbox 869 1345 1079 1411; x_wconf 71' lang='lat' dir='ltr'>imposita</span> <span class='ocrx_word' id='word_1_174' title='bbox 1137 1360 1239 1394; x_wconf 85' lang='lat' dir='ltr'>ante</span> <span class='ocrx_word' id='word_1_175' title='bbox 1286 1346 1491 1403; x_wconf 79' lang='lat' dir='ltr'>fuerant,</span> <span class='ocrx_word' id='word_1_176' title='bbox 1529 1364 1642 1411; x_wconf 59' lang='lat' dir='ltr'>quie</span> <span class='ocrx_word' id='word_1_177' title='bbox 1700 1347 1881 1394; x_wconf 71' lang='lat' dir='ltr'>Satellia</span> <span class='ocrx_word' id='word_1_178' title='bbox 1940 1347 2082 1411; x_wconf 88' lang='lat' dir='ltr'>postea</span> <span class='ocrx_word' id='word_1_179' title='bbox 2123 1365 2238 1394; x_wconf 87' lang='lat' dir='ltr'>mar·</span> 
     </span>
     <span class='ocr_line' id='line_1_19' title="bbox 265 1414 2236 1479; baseline 0 -16"><span class='ocrx_word' id='word_1_180' title='bbox 265 1432 421 1463; x_wconf 87' lang='lat' dir='ltr'>morea</span> <span class='ocrx_word' id='word_1_181' title='bbox 458 1414 696 1464; x_wconf 82' lang='lat' dir='ltr'>effecerit?</span> <span class='ocrx_word' id='word_1_182' title='bbox 732 1419 906 1462; x_wconf 89' lang='lat' dir='ltr'>Verum</span> <span class='ocrx_word' id='word_1_183' title='bbox 947 1414 993 1462; x_wconf 89' lang='lat' dir='ltr'>id</span> <span class='ocrx_word' id='word_1_184' title='bbox 1028 1431 1082 1462; x_wconf 89' lang='lat' dir='ltr'>ne</span> <span class='ocrx_word' id='word_1_185' title='bbox 1121 1414 1254 1462; x_wconf 89' lang='lat' dir='ltr'>fando</span> <span class='ocrx_word' id='word_1_186' title='bbox 1290 1414 1485 1479; x_wconf 76' lang='lat' dir='ltr'>quidem</span> <span class='ocrx_word' id='word_1_187' title='bbox 1516 1414 1731 1463; x_wconf 85' lang='lat' dir='ltr'>auditum·</span> <span class='ocrx_word' id='word_1_188' title='bbox 1768 1451 1779 1472; x_wconf 88' lang='lat'><strong>‚</strong></span> <span class='ocrx_word' id='word_1_189' title='bbox 1827 1417 2057 1463; x_wconf 79' lang='lat' dir='ltr'>colum-nis</span> <span class='ocrx_word' id='word_1_190' title='bbox 2120 1432 2236 1463; x_wconf 81' lang='lat' dir='ltr'>mar-</span> 
     </span>
     <span class='ocr_line' id='line_1_20' title="bbox 271 1482 2225 1549; baseline 0.001 -18"><span class='ocrx_word' id='word_1_191' title='bbox 271 1482 449 1531; x_wconf 81' lang='lat' dir='ltr'>moreis</span> <span class='ocrx_word' id='word_1_192' title='bbox 483 1501 570 1531; x_wconf 87' lang='lat' dir='ltr'>non</span> <span class='ocrx_word' id='word_1_193' title='bbox 609 1482 747 1531; x_wconf 88' lang='lat' dir='ltr'>etiam</span> <span class='ocrx_word' id='word_1_194' title='bbox 788 1499 1040 1531; x_wconf 81' lang='lat' dir='ltr'>marmorea</span> <span class='ocrx_word' id='word_1_195' title='bbox 1077 1483 1288 1548; x_wconf 83' lang='lat' dir='ltr'>capitella</span> <span class='ocrx_word' id='word_1_196' title='bbox 1326 1482 1457 1530; x_wconf 79' lang='lat' dir='ltr'>fuiffe</span> <span class='ocrx_word' id='word_1_197' title='bbox 1497 1482 1763 1548; x_wconf 71' lang='lat' dir='ltr'>superposita</span> <span class='ocrx_word' id='word_1_198' title='bbox 1808 1501 1819 1530; x_wconf 89' lang='lat'><strong>:</strong></span> <span class='ocrx_word' id='word_1_199' title='bbox 1857 1501 2113 1549; x_wconf 76' lang='lat' dir='ltr'>quanquam</span> <span class='ocrx_word' id='word_1_200' title='bbox 2153 1501 2225 1532; x_wconf 89' lang='lat' dir='ltr'>ce·</span> 
     </span>
     <span class='ocr_line' id='line_1_21' title="bbox 268 1551 2237 1618; baseline -0.001 -18"><span class='ocrx_word' id='word_1_201' title='bbox 268 1563 366 1600; x_wconf 79' lang='lat' dir='ltr'>tera</span> <span class='ocrx_word' id='word_1_202' title='bbox 401 1564 699 1609; x_wconf 86' lang='lat' dir='ltr'>ornamenta,</span> <span class='ocrx_word' id='word_1_203' title='bbox 737 1551 888 1599; x_wconf 87' lang='lat' dir='ltr'>veluti</span> <span class='ocrx_word' id='word_1_204' title='bbox 927 1568 1062 1617; x_wconf 82' lang='lat' dir='ltr'>quern</span> <span class='ocrx_word' id='word_1_205' title='bbox 1101 1553 1386 1599; x_wconf 75' lang='lat' dir='ltr'>architrabem</span> <span class='ocrx_word' id='word_1_206' title='bbox 1425 1553 1566 1617; x_wconf 80' lang='lat' dir='ltr'>vulgo</span> <span class='ocrx_word' id='word_1_207' title='bbox 1603 1553 1834 1616; x_wconf 82' lang='lat' dir='ltr'>appellant</span> <span class='ocrx_word' id='word_1_208' title='bbox 1868 1589 1880 1611; x_wconf 90' lang='lat'><strong>‚</strong></span> <span class='ocrx_word' id='word_1_209' title='bbox 1916 1553 2169 1618; x_wconf 82' lang='lat' dir='ltr'>zophorum</span> <span class='ocrx_word' id='word_1_210' title='bbox 2221 1587 2237 1612; x_wconf 91' lang='lat'>‚</span> 
     </span>
     <span class='ocr_line' id='line_1_22' title="bbox 275 1619 2234 1684; baseline -0.001 -15"><span class='ocrx_word' id='word_1_211' title='bbox 275 1637 491 1669; x_wconf 82' lang='lat' dir='ltr'>coronam</span> <span class='ocrx_word' id='word_1_212' title='bbox 531 1638 628 1668; x_wconf 89' lang='lat' dir='ltr'>non·</span> <span class='ocrx_word' id='word_1_213' title='bbox 657 1637 763 1668; x_wconf 82' lang='lat' dir='ltr'>raro·</span> <span class='ocrx_word' id='word_1_214' title='bbox 795 1636 930 1683; x_wconf 88' lang='lat' dir='ltr'>opere</span> <span class='ocrx_word' id='word_1_215' title='bbox 969 1620 1276 1668; x_wconf 85' lang='lat' dir='ltr'>caementario</span> <span class='ocrx_word' id='word_1_216' title='bbox 1314 1620 1561 1668; x_wconf 67' lang='lat' dir='ltr'>constitisse</span> <span class='ocrx_word' id='word_1_217' title='bbox 1585 1656 1597 1676; x_wconf 92' lang='lat'><strong>‚</strong></span> <span class='ocrx_word' id='word_1_218' title='bbox 1634 1620 1848 1684; x_wconf 80' lang='lat' dir='ltr'>quamvis</span> <span class='ocrx_word' id='word_1_219' title='bbox 1896 1622 2134 1668; x_wconf 83' lang='lat' dir='ltr'>columnae</span> <span class='ocrx_word' id='word_1_220' title='bbox 2171 1619 2234 1667; x_wconf 84' lang='lat' dir='ltr'>ef-</span> 
     </span>
     <span class='ocr_line' id='line_1_23' title="bbox 273 1685 2234 1755; baseline 0.001 -19"><span class='ocrx_word' id='word_1_221' title='bbox 273 1685 371 1737; x_wconf 69' lang='lat' dir='ltr'>sent</span> <span class='ocrx_word' id='word_1_222' title='bbox 411 1705 687 1737; x_wconf 82' lang='lat' dir='ltr'>marmoreae</span> <span class='ocrx_word' id='word_1_223' title='bbox 710 1724 723 1745; x_wconf 91' lang='lat'>‚</span> <span class='ocrx_word' id='word_1_224' title='bbox 761 1687 866 1735; x_wconf 76' lang='lat' dir='ltr'>satis</span> <span class='ocrx_word' id='word_1_225' title='bbox 904 1687 1096 1736; x_wconf 82' lang='lat' dir='ltr'>sciamus</span> <span class='ocrx_word' id='word_1_226' title='bbox 1120 1725 1130 1736; x_wconf 95' lang='lat'>.</span> <span class='ocrx_word' id='word_1_227' title='bbox 1169 1690 1302 1750; x_wconf 84' lang='lat' dir='ltr'>Quae</span> <span class='ocrx_word' id='word_1_228' title='bbox 1338 1705 1443 1736; x_wconf 86' lang='lat' dir='ltr'>cum</span> <span class='ocrx_word' id='word_1_229' title='bbox 1484 1687 1545 1735; x_wconf 77' lang='lat' dir='ltr'>ita</span> <span class='ocrx_word' id='word_1_230' title='bbox 1586 1687 1695 1742; x_wconf 73' lang='lat' dir='ltr'>sint,</span> <span class='ocrx_word' id='word_1_231' title='bbox 1719 1687 1878 1736; x_wconf 78' lang='lat' dir='ltr'>Latini</span> <span class='ocrx_word' id='word_1_232' title='bbox 1917 1687 2234 1755; x_wconf 69' lang='lat' dir='ltr'>lexicographi</span> 
     </span>
     <span class='ocr_line' id='line_1_24' title="bbox 281 1755 2241 1821; baseline 0 -17"><span class='ocrx_word' id='word_1_233' title='bbox 281 1773 375 1821; x_wconf 86' lang='lat' dir='ltr'>quo</span> <span class='ocrx_word' id='word_1_234' title='bbox 412 1757 551 1821; x_wconf 61' lang='lat' dir='ltr'>pafio-</span> <span class='ocrx_word' id='word_1_235' title='bbox 579 1773 669 1804; x_wconf 88' lang='lat' dir='ltr'>non</span> <span class='ocrx_word' id='word_1_236' title='bbox 703 1766 886 1814; x_wconf 85' lang='lat' dir='ltr'>errant,</span> <span class='ocrx_word' id='word_1_237' title='bbox 924 1755 1005 1820; x_wconf 84' lang='lat' dir='ltr'>qui</span> <span class='ocrx_word' id='word_1_238' title='bbox 1043 1757 1292 1821; x_wconf 67' lang='lat' dir='ltr'>epistylium</span> <span class='ocrx_word' id='word_1_239' title='bbox 1329 1755 1593 1821; x_wconf 81' lang='lat' dir='ltr'>capitellum</span> <span class='ocrx_word' id='word_1_240' title='bbox 1635 1755 2015 1821; x_wconf 77' lang='lat' dir='ltr'>interpretantur?</span> <span class='ocrx_word' id='word_1_241' title='bbox 2052 1761 2241 1818; x_wconf 85' lang='lat' dir='ltr'>Quanto</span> 
     </span>
     <span class='ocr_line' id='line_1_25' title="bbox 280 1823 2238 1890; baseline -0.001 -16"><span class='ocrx_word' id='word_1_242' title='bbox 280 1825 449 1874; x_wconf 84' lang='lat' dir='ltr'>melius</span> <span class='ocrx_word' id='word_1_243' title='bbox 486 1824 863 1873; x_wconf 67' lang='lat' dir='ltr'>architeStonices</span> <span class='ocrx_word' id='word_1_244' title='bbox 900 1823 1139 1888; x_wconf 82' lang='lat' dir='ltr'>scriptores</span> <span class='ocrx_word' id='word_1_245' title='bbox 1175 1826 1423 1888; x_wconf 76' lang='lat' dir='ltr'>epistylium</span> <span class='ocrx_word' id='word_1_246' title='bbox 1479 1823 1701 1872; x_wconf 73' lang='lat' dir='ltr'>definiunt</span> <span class='ocrx_word' id='word_1_247' title='bbox 1752 1826 1797 1872; x_wconf 88' lang='lat' dir='ltr'>id</span> <span class='ocrx_word' id='word_1_248' title='bbox 1825 1861 1838 1882; x_wconf 91' lang='lat'>,</span> <span class='ocrx_word' id='word_1_249' title='bbox 1896 1827 2013 1890; x_wconf 87' lang='lat' dir='ltr'>quod</span> <span class='ocrx_word' id='word_1_250' title='bbox 2074 1828 2238 1890; x_wconf 75' lang='lat' dir='ltr'>vul&#39;gus</span> 
     </span>
     <span class='ocr_line' id='line_1_26' title="bbox 288 1892 2246 1958; baseline 0 -17"><span class='ocrx_word' id='word_1_251' title='bbox 288 1895 583 1941; x_wconf 76' lang='lat' dir='ltr'>architrabem.</span> <span class='ocrx_word' id='word_1_252' title='bbox 615 1894 811 1958; x_wconf 80' lang='lat' dir='ltr'>appellat</span> <span class='ocrx_word' id='word_1_253' title='bbox 833 1928 844 1940; x_wconf 96' lang='lat'>.</span> <span class='ocrx_word' id='word_1_254' title='bbox 879 1896 1037 1957; x_wconf 86' lang='lat' dir='ltr'>Atque</span> <span class='ocrx_word' id='word_1_255' title='bbox 1074 1892 1180 1940; x_wconf 86' lang='lat' dir='ltr'>haec</span> <span class='ocrx_word' id='word_1_256' title='bbox 1219 1893 1404 1941; x_wconf 83' lang='lat' dir='ltr'>demum</span> <span class='ocrx_word' id='word_1_257' title='bbox 1443 1892 1573 1940; x_wconf 83' lang='lat' dir='ltr'>notio</span> <span class='ocrx_word' id='word_1_258' title='bbox 1609 1894 1819 1941; x_wconf 79' lang='lat' dir='ltr'>vocabuli</span> <span class='ocrx_word' id='word_1_259' title='bbox 1855 1893 1962 1941; x_wconf 87' lang='lat' dir='ltr'>huic</span> <span class='ocrx_word' id='word_1_260' title='bbox 1984 1893 2246 1958; x_wconf 81' lang='lat' dir='ltr'>inscriptio·</span> 
     </span>
     <span class='ocr_line' id='line_1_27' title="bbox 264 1960 2234 2026; baseline 0 -16"><span class='ocrx_word' id='word_1_261' title='bbox 264 1960 330 2010; x_wconf 68' lang='lat' dir='ltr'>,ni</span> <span class='ocrx_word' id='word_1_262' title='bbox 368 1962 584 2026; x_wconf 81' lang='lat' dir='ltr'>quadrat..</span> <span class='ocrx_word' id='word_1_263' title='bbox 613 1963 738 2008; x_wconf 88' lang='lat' dir='ltr'>Ante</span> <span class='ocrx_word' id='word_1_264' title='bbox 775 1960 1007 2009; x_wconf 84' lang='lat' dir='ltr'>Satelliam</span> <span class='ocrx_word' id='word_1_265' title='bbox 1049 1961 1278 2010; x_wconf 81' lang='lat' dir='ltr'>columnis</span> <span class='ocrx_word' id='word_1_266' title='bbox 1315 1960 1587 2011; x_wconf 68' lang='lat' dir='ltr'>marmoreis</span> <span class='ocrx_word' id='word_1_267' title='bbox 1632 1975 1777 2010; x_wconf 89' lang='lat' dir='ltr'>cetera</span> <span class='ocrx_word' id='word_1_268' title='bbox 1837 1980 1925 2010; x_wconf 88' lang='lat' dir='ltr'>non</span> <span class='ocrx_word' id='word_1_269' title='bbox 1979 1979 2234 2010; x_wconf 80' lang='lat' dir='ltr'>marmorea</span> 
     </span>
     <span class='ocr_line' id='line_1_28' title="bbox 286 2029 2236 2094; baseline 0.001 -18"><span class='ocrx_word' id='word_1_270' title='bbox 286 2029 731 2094; x_wconf 70' lang='lat' dir='ltr'>superponebantur.</span> <span class='ocrx_word' id='word_1_271' title='bbox 768 2032 833 2078; x_wconf 88' lang='lat' dir='ltr'>Ea</span> <span class='ocrx_word' id='word_1_272' title='bbox 868 2031 1052 2078; x_wconf 86' lang='lat' dir='ltr'>demum</span> <span class='ocrx_word' id='word_1_273' title='bbox 1091 2030 1274 2079; x_wconf 82' lang='lat' dir='ltr'>Satellia</span> <span class='ocrx_word' id='word_1_274' title='bbox 1311 2029 1510 2078; x_wconf 82' lang='lat' dir='ltr'>confecit</span> <span class='ocrx_word' id='word_1_275' title='bbox 1566 2047 1590 2078; x_wconf 91' lang='lat' dir='ltr'>e</span> <span class='ocrx_word' id='word_1_276' title='bbox 1648 2047 1872 2079; x_wconf 84' lang='lat' dir='ltr'>marmore</span> <span class='ocrx_word' id='word_1_277' title='bbox 1906 2066 1917 2077; x_wconf 97' lang='lat'>.</span> <span class='ocrx_word' id='word_1_278' title='bbox 1963 2031 2046 2078; x_wconf 84' lang='lat' dir='ltr'>Sed</span> <span class='ocrx_word' id='word_1_279' title='bbox 2100 2047 2236 2078; x_wconf 82' lang='lat' dir='ltr'>nemo</span> 
     </span>
     <span class='ocr_line' id='line_1_29' title="bbox 292 2097 2242 2164; baseline 0 -19"><span class='ocrx_word' id='word_1_280' title='bbox 292 2098 550 2145; x_wconf 81' lang='lat' dir='ltr'>accuratius</span> <span class='ocrx_word' id='word_1_281' title='bbox 587 2097 632 2145; x_wconf 90' lang='lat' dir='ltr'>in</span> <span class='ocrx_word' id='word_1_282' title='bbox 673 2115 769 2145; x_wconf 88' lang='lat' dir='ltr'>eam</span> <span class='ocrx_word' id='word_1_283' title='bbox 809 2115 969 2146; x_wconf 82' lang='lat' dir='ltr'>vocem</span> <span class='ocrx_word' id='word_1_284' title='bbox 1011 2098 1210 2163; x_wconf 80' lang='lat' dir='ltr'>inquirit</span> <span class='ocrx_word' id='word_1_285' title='bbox 1245 2101 1308 2150; x_wconf 90' lang='lat' dir='ltr'>H.</span> <span class='ocrx_word' id='word_1_286' title='bbox 1345 2098 1572 2164; x_wconf 74' lang='lat' dir='ltr'>Stephano</span> <span class='ocrx_word' id='word_1_287' title='bbox 1607 2099 1655 2147; x_wconf 85' lang='lat' dir='ltr'>in</span> <span class='ocrx_word' id='word_1_288' title='bbox 1692 2099 1799 2147; x_wconf 80' lang='lat' dir='ltr'>thes.</span> <span class='ocrx_word' id='word_1_289' title='bbox 1838 2097 1919 2164; x_wconf 86' lang='lat' dir='ltr'>qui</span> <span class='ocrx_word' id='word_1_290' title='bbox 1956 2100 2001 2146; x_wconf 62' lang='grc' dir='ltr'>δὲ</span> <span class='ocrx_word' id='word_1_291' title='bbox 2038 2117 2069 2147; x_wconf 87' lang='lat' dir='ltr'>e·</span> <span class='ocrx_word' id='word_1_292' title='bbox 2102 2102 2242 2146; x_wconf 89' lang='lat' dir='ltr'>Grae·</span> 
     </span>
     <span class='ocr_line' id='line_1_30' title="bbox 293 2165 2247 2232; baseline 0.001 -20"><span class='ocrx_word' id='word_1_293' title='bbox 293 2165 360 2213; x_wconf 87' lang='lat' dir='ltr'>cis</span> <span class='ocrx_word' id='word_1_294' title='bbox 401 2165 692 2231; x_wconf 72' lang='lat' dir='ltr'>scriptoribus</span> <span class='ocrx_word' id='word_1_295' title='bbox 727 2167 773 2213; x_wconf 74' lang='lat'>8&lt;</span> <span class='ocrx_word' id='word_1_296' title='bbox 809 2184 831 2214; x_wconf 84' lang='lat' dir='ltr'>e</span> <span class='ocrx_word' id='word_1_297' title='bbox 869 2166 1096 2215; x_wconf 82' lang='lat' dir='ltr'>Vitruvio</span> <span class='ocrx_word' id='word_1_298' title='bbox 1134 2166 1386 2232; x_wconf 82' lang='lat' dir='ltr'>planiffime</span> <span class='ocrx_word' id='word_1_299' title='bbox 1422 2167 1603 2214; x_wconf 78' lang='lat' dir='ltr'>evincit</span> <span class='ocrx_word' id='word_1_300' title='bbox 1639 2184 1726 2214; x_wconf 88' lang='lat' dir='ltr'>non</span> <span class='ocrx_word' id='word_1_301' title='bbox 1774 2169 1905 2215; x_wconf 81' lang='lat' dir='ltr'>aliud·</span> <span class='ocrx_word' id='word_1_302' title='bbox 1950 2185 1999 2214; x_wconf 89' lang='lat' dir='ltr'>ea</span> <span class='ocrx_word' id='word_1_303' title='bbox 2048 2184 2159 2214; x_wconf 88' lang='lat' dir='ltr'>voce</span> <span class='ocrx_word' id='word_1_304' title='bbox 2194 2166 2247 2214; x_wconf 85' lang='lat' dir='ltr'>fi·</span> 
     </span>
     <span class='ocr_line' id='line_1_31' title="bbox 286 2233 2245 2312; baseline -0.001 -31"><span class='ocrx_word' id='word_1_305' title='bbox 286 2233 532 2298; x_wconf 73' lang='lat' dir='ltr'>gnificari‚</span> <span class='ocrx_word' id='word_1_306' title='bbox 568 2251 702 2299; x_wconf 63' lang='lat' dir='ltr'>quam</span> <span class='ocrx_word' id='word_1_307' title='bbox 742 2235 862 2299; x_wconf 85' lang='lat' dir='ltr'>quod</span> <span class='ocrx_word' id='word_1_308' title='bbox 902 2235 1077 2298; x_wconf 84' lang='lat' dir='ltr'>posui</span> <span class='ocrx_word' id='word_1_309' title='bbox 1063 2253 1074 2266; x_wconf 85' lang='lat'><strong>·</strong></span> <span class='ocrx_word' id='word_1_310' title='bbox 1109 2248 1331 2312; x_wconf 83' lang='lat' dir='ltr'>negatque</span> <span class='ocrx_word' id='word_1_311' title='bbox 1369 2237 1579 2297; x_wconf 85' lang='lat' dir='ltr'>exempla</span> <span class='ocrx_word' id='word_1_312' title='bbox 1617 2236 1853 2293; x_wconf 74' lang='lat' dir='ltr'>inveniri,</span> <span class='ocrx_word' id='word_1_313' title='bbox 1892 2236 2056 2300; x_wconf 89' lang='lat' dir='ltr'>quibus</span> <span class='ocrx_word' id='word_1_314' title='bbox 2091 2237 2245 2299; x_wconf 75' lang='lat' dir='ltr'>epsssy·</span> 
     </span>
     <span class='ocr_line' id='line_1_32' title="bbox 285 2302 2246 2368; baseline 0.001 -19"><span class='ocrx_word' id='word_1_315' title='bbox 285 2304 397 2349; x_wconf 83' lang='lat' dir='ltr'>lium</span> <span class='ocrx_word' id='word_1_316' title='bbox 438 2320 518 2367; x_wconf 87' lang='lat' dir='ltr'>pro</span> <span class='ocrx_word' id='word_1_317' title='bbox 556 2302 771 2367; x_wconf 82' lang='lat' dir='ltr'>capitello</span> <span class='ocrx_word' id='word_1_318' title='bbox 813 2302 1076 2365; x_wconf 72' lang='lat' dir='ltr'>usurpetur.</span> <span class='ocrx_word' id='word_1_319' title='bbox 1119 2306 1170 2351; x_wconf 87' lang='lat' dir='ltr'>Id</span> <span class='ocrx_word' id='word_1_320' title='bbox 1207 2304 1346 2352; x_wconf 87' lang='lat' dir='ltr'>etiam</span> <span class='ocrx_word' id='word_1_321' title='bbox 1401 2315 1608 2351; x_wconf 85' lang='lat' dir='ltr'>accurate</span> <span class='ocrx_word' id='word_1_322' title='bbox 1643 2321 1672 2350; x_wconf 87' lang='lat' dir='ltr'>a</span> <span class='ocrx_word' id='word_1_323' title='bbox 1703 2304 1928 2368; x_wconf 85' lang='lat' dir='ltr'>Stephano</span> <span class='ocrx_word' id='word_1_324' title='bbox 1973 2304 2246 2350; x_wconf 73' lang='lat' dir='ltr'>demonstra-</span> 
     </span>
     <span class='ocr_line' id='line_1_33' title="bbox 267 2369 2247 2440; baseline -0.001 -19"><span class='ocrx_word' id='word_1_325' title='bbox 267 2381 372 2421; x_wconf 83' lang='lat' dir='ltr'>.tur</span> <span class='ocrx_word' id='word_1_326' title='bbox 408 2370 520 2435; x_wconf 86' lang='lat' dir='ltr'>apud</span> <span class='ocrx_word' id='word_1_327' title='bbox 555 2373 749 2418; x_wconf 82' lang='lat' dir='ltr'>G1aecos</span> <span class='ocrx_word' id='word_1_328' title='bbox 785 2369 969 2434; x_wconf 88' lang='lat' dir='ltr'>quidem</span> <span class='ocrx_word' id='word_1_329' title='bbox 1018 2370 1251 2424; x_wconf 77' lang='grc' dir='ltr'>ε’-πις-ύλιον</span> <span class='ocrx_word' id='word_1_330' title='bbox 1304 2371 1507 2440; x_wconf 83' lang='lat' dir='ltr'>intelligi</span> <span class='ocrx_word' id='word_1_331' title='bbox 1561 2371 1649 2420; x_wconf 78' lang='lat' dir='ltr'>sive</span> <span class='ocrx_word' id='word_1_332' title='bbox 1702 2371 1754 2419; x_wconf 86' lang='lat' dir='ltr'>slt</span> <span class='ocrx_word' id='word_1_333' title='bbox 1807 2388 2111 2420; x_wconf 85' lang='lat' dir='ltr'>marmoreum</span> <span class='ocrx_word' id='word_1_334' title='bbox 2159 2371 2247 2419; x_wconf 80' lang='lat' dir='ltr'>five</span> 
     </span>
     <span class='ocr_line' id='line_1_34' title="bbox 289 2437 2246 2506; baseline 0.002 -22"><span class='ocrx_word' id='word_1_335' title='bbox 289 2437 521 2503; x_wconf 80' lang='lat' dir='ltr'>ligneum:</span> <span class='ocrx_word' id='word_1_336' title='bbox 565 2438 840 2486; x_wconf 87' lang='lat' dir='ltr'>Vitruvium</span> <span class='ocrx_word' id='word_1_337' title='bbox 881 2455 988 2486; x_wconf 84' lang='lat' dir='ltr'>vero</span> <span class='ocrx_word' id='word_1_338' title='bbox 1026 2439 1090 2487; x_wconf 84' lang='lat' dir='ltr'>ita</span> <span class='ocrx_word' id='word_1_339' title='bbox 1126 2438 1421 2506; x_wconf 74' lang='lat' dir='ltr'>distinguere,</span> <span class='ocrx_word' id='word_1_340' title='bbox 1460 2453 1511 2487; x_wconf 86' lang='lat' dir='ltr'>ut</span> <span class='ocrx_word' id='word_1_341' title='bbox 1551 2442 1713 2488; x_wconf 81' lang='lat' dir='ltr'>trabem</span> <span class='ocrx_word' id='word_1_342' title='bbox 1763 2443 1960 2505; x_wconf 84' lang='lat' dir='ltr'>appellet</span> <span class='ocrx_word' id='word_1_343' title='bbox 1990 2477 2002 2498; x_wconf 89' lang='lat'>,</span> <span class='ocrx_word' id='word_1_344' title='bbox 2062 2439 2246 2506; x_wconf 78' lang='lat' dir='ltr'>quoties</span> 
     </span>
     <span class='ocr_line' id='line_1_35' title="bbox 287 2505 2243 2575; baseline 0.001 -22"><span class='ocrx_word' id='word_1_345' title='bbox 287 2522 311 2552; x_wconf 87' lang='lat' dir='ltr'>e</span> <span class='ocrx_word' id='word_1_346' title='bbox 352 2506 536 2554; x_wconf 86' lang='lat' dir='ltr'>materia</span> <span class='ocrx_word' id='word_1_347' title='bbox 571 2505 845 2564; x_wconf 80' lang='lat' dir='ltr'>conficitur,</span> <span class='ocrx_word' id='word_1_348' title='bbox 884 2506 916 2553; x_wconf 81' lang='lat' dir='ltr'><strong>fi</strong></span> <span class='ocrx_word' id='word_1_349' title='bbox 953 2523 1062 2554; x_wconf 91' lang='lat' dir='ltr'>vero</span> <span class='ocrx_word' id='word_1_350' title='bbox 1099 2525 1123 2555; x_wconf 92' lang='lat' dir='ltr'>e</span> <span class='ocrx_word' id='word_1_351' title='bbox 1162 2525 1425 2564; x_wconf 79' lang='lat' dir='ltr'>marmore,</span> <span class='ocrx_word' id='word_1_352' title='bbox 1462 2509 1596 2572; x_wconf 79' lang='lat' dir='ltr'>epist</span> <span class='ocrx_word' id='word_1_353' title='bbox 1594 2510 1746 2567; x_wconf 79' lang='lat' dir='ltr'>lium,</span> <span class='ocrx_word' id='word_1_354' title='bbox 1782 2507 1926 2574; x_wconf 88' lang='lat' dir='ltr'>idque</span> <span class='ocrx_word' id='word_1_355' title='bbox 1951 2526 1973 2556; x_wconf 86' lang='lat' dir='ltr'>a</span> <span class='ocrx_word' id='word_1_356' title='bbox 2012 2511 2243 2575; x_wconf 82' lang='lat' dir='ltr'>Stephano</span> 
     </span>
     <span class='ocr_line' id='line_1_36' title="bbox 289 2573 2247 2643; baseline 0.003 -23"><span class='ocrx_word' id='word_1_357' title='bbox 289 2573 563 2639; x_wconf 86' lang='lat' dir='ltr'>comparatis</span> <span class='ocrx_word' id='word_1_358' title='bbox 600 2577 847 2640; x_wconf 81' lang='lat' dir='ltr'>Hagetoris</span> <span class='ocrx_word' id='word_1_359' title='bbox 886 2574 1101 2636; x_wconf 87' lang='lat' dir='ltr'>Byzantii</span> <span class='ocrx_word' id='word_1_360' title='bbox 1138 2576 1184 2624; x_wconf 74' lang='lat'>8&lt;</span> <span class='ocrx_word' id='word_1_361' title='bbox 1221 2574 1438 2625; x_wconf 83' lang='lat' dir='ltr'>Vitruvii</span> <span class='ocrx_word' id='word_1_362' title='bbox 1494 2574 1608 2624; x_wconf 87' lang='lat' dir='ltr'>locis</span> <span class='ocrx_word' id='word_1_363' title='bbox 1661 2576 1869 2625; x_wconf 78' lang='lat' dir='ltr'>fitmatur</span> <span class='ocrx_word' id='word_1_364' title='bbox 1904 2614 1918 2635; x_wconf 92' lang='lat'>,</span> <span class='ocrx_word' id='word_1_365' title='bbox 1963 2595 2075 2643; x_wconf 88' lang='lat' dir='ltr'>quae</span> <span class='ocrx_word' id='word_1_366' title='bbox 2128 2574 2247 2641; x_wconf 85' lang='lat' dir='ltr'>apud</span> 
     </span>
     <span class='ocr_line' id='line_1_37' title="bbox 287 2640 2248 2710; baseline 0.003 -21"><span class='ocrx_word' id='word_1_367' title='bbox 287 2640 431 2690; x_wconf 86' lang='lat' dir='ltr'>illum</span> <span class='ocrx_word' id='word_1_368' title='bbox 465 2641 568 2689; x_wconf 86' lang='lat' dir='ltr'>vide</span> <span class='ocrx_word' id='word_1_369' title='bbox 604 2642 633 2689; x_wconf 89' lang='lat' dir='ltr'>s1</span> <span class='ocrx_word' id='word_1_370' title='bbox 671 2643 824 2691; x_wconf 92' lang='lat' dir='ltr'>lubet.</span> <span class='ocrx_word' id='word_1_371' title='bbox 866 2646 926 2690; x_wconf 87' lang='lat' dir='ltr'>Et</span> <span class='ocrx_word' id='word_1_372' title='bbox 983 2644 1131 2691; x_wconf 85' lang='lat' dir='ltr'>allatis</span> <span class='ocrx_word' id='word_1_373' title='bbox 1189 2661 1212 2691; x_wconf 86' lang='lat' dir='ltr'>a</span> <span class='ocrx_word' id='word_1_374' title='bbox 1266 2645 1492 2710; x_wconf 79' lang='lat' dir='ltr'>Stephano</span> <span class='ocrx_word' id='word_1_375' title='bbox 1546 2643 1660 2692; x_wconf 90' lang='lat' dir='ltr'>locis</span> <span class='ocrx_word' id='word_1_376' title='bbox 1710 2645 1818 2692; x_wconf 85' lang='lat' dir='ltr'>haec</span> <span class='ocrx_word' id='word_1_377' title='bbox 1874 2647 2013 2694; x_wconf 85' lang='lat' dir='ltr'>etiam</span> <span class='ocrx_word' id='word_1_378' title='bbox 2066 2648 2248 2694; x_wconf 83' lang='lat' dir='ltr'>accedat</span> 
     </span>
     <span class='ocr_line' id='line_1_38' title="bbox 294 2709 2247 2778; baseline 0.001 -20"><span class='ocrx_word' id='word_1_379' title='bbox 294 2709 570 2774; x_wconf 77' lang='lat' dir='ltr'>inscriptio,</span> <span class='ocrx_word' id='word_1_380' title='bbox 609 2727 664 2757; x_wconf 81' lang='lat' dir='ltr'>ex</span> <span class='ocrx_word' id='word_1_381' title='bbox 701 2730 785 2774; x_wconf 88' lang='lat' dir='ltr'>qua</span> <span class='ocrx_word' id='word_1_382' title='bbox 822 2712 1072 2759; x_wconf 81' lang='lat' dir='ltr'>luculenter</span> <span class='ocrx_word' id='word_1_383' title='bbox 1107 2711 1345 2778; x_wconf 83' lang='lat' dir='ltr'>colligitur</span> <span class='ocrx_word' id='word_1_384' title='bbox 1379 2711 1584 2777; x_wconf 81' lang='lat' dir='ltr'>epistylia</span> <span class='ocrx_word' id='word_1_385' title='bbox 1623 2730 1710 2759; x_wconf 83' lang='lat' dir='ltr'>non</span> <span class='ocrx_word' id='word_1_386' title='bbox 1747 2713 1882 2761; x_wconf 66' lang='lat' dir='ltr'>fuisse</span> <span class='ocrx_word' id='word_1_387' title='bbox 1930 2714 2007 2762; x_wconf 84' lang='lat' dir='ltr'>nifi</span> <span class='ocrx_word' id='word_1_388' title='bbox 2049 2731 2247 2762; x_wconf 77' lang='lat' dir='ltr'>marmo-</span> 
     </span>
    </p>
   </div>
   <div class='ocr_carea' id='block_1_2' title="bbox 284 2777 2241 2992">
    <p class='ocr_par' dir='ltr' id='par_1_4' title="bbox 284 2777 2241 2987">
     <span class='ocr_line' id='line_1_39' title="bbox 289 2777 2236 2844; baseline 0.001 -19"><span class='ocrx_word' id='word_1_389' title='bbox 289 2795 393 2827; x_wconf 86' lang='lat' dir='ltr'>rea:</span> <span class='ocrx_word' id='word_1_390' title='bbox 431 2777 605 2842; x_wconf 86' lang='lat' dir='ltr'>alioqui</span> <span class='ocrx_word' id='word_1_391' title='bbox 642 2778 668 2825; x_wconf 83' lang='lat' dir='ltr'>fi</span> <span class='ocrx_word' id='word_1_392' title='bbox 709 2779 860 2843; x_wconf 82' lang='lat' dir='ltr'>lignea</span> <span class='ocrx_word' id='word_1_393' title='bbox 897 2793 972 2828; x_wconf 84' lang='lat' dir='ltr'>aut</span> <span class='ocrx_word' id='word_1_394' title='bbox 1011 2779 1210 2826; x_wconf 84' lang='lat' dir='ltr'>lateritia</span> <span class='ocrx_word' id='word_1_395' title='bbox 1248 2780 1366 2827; x_wconf 57' lang='lat' dir='ltr'>recte</span> <span class='ocrx_word' id='word_1_396' title='bbox 1403 2781 1608 2843; x_wconf 82' lang='lat' dir='ltr'>epistylia</span> <span class='ocrx_word' id='word_1_397' title='bbox 1639 2781 1859 2844; x_wconf 81' lang='lat' dir='ltr'>appellari</span> <span class='ocrx_word' id='word_1_398' title='bbox 1907 2782 2185 2830; x_wconf 69' lang='lat' dir='ltr'>consuessent</span> <span class='ocrx_word' id='word_1_399' title='bbox 2221 2815 2236 2839; x_wconf 91' lang='lat'>‚</span> 
     </span>
     <span class='ocr_line' id='line_1_40' title="bbox 289 2818 2241 2927; baseline 0.001 -33"><span class='ocrx_word' id='word_1_400' title='bbox 289 2845 445 2912; x_wconf 85' lang='lat' dir='ltr'>inepte</span> <span class='ocrx_word' id='word_1_401' title='bbox 482 2845 596 2893; x_wconf 90' lang='lat' dir='ltr'>illud</span> <span class='ocrx_word' id='word_1_402' title='bbox 628 2818 987 2922; x_wconf 62' lang='lat' dir='ltr'>subiuongeretur</span> <span class='ocrx_word' id='word_1_403' title='bbox 1009 2848 1452 2909; x_wconf 75' lang='lat' dir='ltr'>CETERISQVE.</span> <span class='ocrx_word' id='word_1_404' title='bbox 1501 2848 1968 2901; x_wconf 77' lang='lat' dir='ltr'>MARMORlssVS.</span> <span class='ocrx_word' id='word_1_405' title='bbox 2006 2849 2028 2915; x_wconf 95' lang='lat'>[</span> <span class='ocrx_word' id='word_1_406' title='bbox 2048 2853 2241 2927; x_wconf 31' lang='lat' dir='ltr'>‘Quam-</span> 
     </span>
     <span class='ocr_line' id='line_1_41' title="bbox 284 2913 2241 2992; baseline 0.004 -32"><span class='ocrx_word' id='word_1_407' title='bbox 284 2931 422 2978; x_wconf 87' lang='lat' dir='ltr'>quam</span> <span class='ocrx_word' id='word_1_408' title='bbox 461 2914 573 2963; x_wconf 87' lang='lat' dir='ltr'>hanc</span> <span class='ocrx_word' id='word_1_409' title='bbox 596 2913 934 2962; x_wconf 68' lang='lat' dir='ltr'>distinffionem</span> <span class='ocrx_word' id='word_1_410' title='bbox 968 2928 1226 2992; x_wconf 80' lang='lat' dir='ltr'>perpetuam</span> <span class='ocrx_word' id='word_1_411' title='bbox 1265 2933 1355 2963; x_wconf 81' lang='lat' dir='ltr'>non</span> <span class='ocrx_word' id='word_1_412' title='bbox 1391 2916 1477 2963; x_wconf 76' lang='lat' dir='ltr'>effe</span> <span class='ocrx_word' id='word_1_413' title='bbox 1512 2917 1634 2978; x_wconf 81' lang='lat' dir='ltr'>apud</span> <span class='ocrx_word' id='word_1_414' title='bbox 1663 2915 1901 2982; x_wconf 70' lang='lat' dir='ltr'>scriptores</span> <span class='ocrx_word' id='word_1_415' title='bbox 1936 2919 2149 2987; x_wconf 72' lang='lat' dir='ltr'>percipio·</span> <span class='ocrx_word' id='word_1_416' title='bbox 2181 2935 2241 2968; x_wconf 73' lang='lat' dir='ltr'>ex</span> 
     </span>
    </p>
   </div>
   <div class='ocr_carea' id='block_1_3' title="bbox 291 2982 2244 3108">
    <p class='ocr_par' dir='ltr' id='par_1_5' title="bbox 291 2982 2244 3108">
     <span class='ocr_line' id='line_1_42' title="bbox 291 2982 2194 3108; baseline 0.006 -79"><span class='ocrx_word' id='word_1_417' title='bbox 291 2994 443 3032; x_wconf 62' lang='lat' dir='ltr'>vetere</span> <span class='ocrx_word' id='word_1_418' title='bbox 478 2994 834 3033; x_wconf 73' lang='lat' dir='ltr'>commentatore</span> <span class='ocrx_word' id='word_1_419' title='bbox 872 2983 1096 3045; x_wconf 82' lang='lat' dir='ltr'>Horatii,</span> <span class='ocrx_word' id='word_1_420' title='bbox 1134 2982 1217 3052; x_wconf 86' lang='lat' dir='ltr'>qui</span> <span class='ocrx_word' id='word_1_421' title='bbox 1250 2984 1303 3035; x_wconf 86' lang='lat' dir='ltr'>ad</span> <span class='ocrx_word' id='word_1_422' title='bbox 1340 2982 1455 3035; x_wconf 77' lang='lat' dir='ltr'>illud</span> <span class='ocrx_word' id='word_1_423' title='bbox 1494 2984 1831 3046; x_wconf 69' lang='lat' dir='ltr'>od.11,1-8:</span> <span class='ocrx_word' id='word_1_424' title='bbox 2143 3058 2194 3108; x_wconf 76' lang='lat' dir='ltr'><strong><em>N</em></strong></span> 
     </span>
     <span class='ocr_line' id='line_1_43' title="bbox 2192 3072 2244 3105; baseline -0.019 0"><span class='ocrx_word' id='word_1_425' title='bbox 2192 3072 2244 3105; x_wconf 76' lang='lat' dir='ltr'>on</span> 
     </span>
    </p>
   </div>
  </div>
 </body>
</html>
