2622 3522
337 204 401 256 62
917 209 1728 263 Capvrpiztmv-M.
1847 223 1850 226 ’

335 293 564 322 marmore
604 294 673 340 ap.
713 278 844 324 Grut.
886 294 927 340 p.
960 279 1064 336 408
1099 295 1108 324 ε
1152 280 1314 325 SINE.
1365 280 1562 327 VLLO.
1603 279 1870 329 AERARI.
1909 281 2172 330 NOSTRI.
2222 284 2327 333 IM-

342 346 608 390 PENDIO.
650 344 706 390 Ei
745 343 919 390 aerario
953 343 1036 408 qui
1077 358 1307 406 praeerant
1330 382 1340 402 ,
1364 349 1630 412 plerumque
1650 348 1904 414 quaestores
1939 350 2199 396 dicebantur
2219 382 2243 396 ,ψ
2270 355 2331 398 Et

337 412 621 473 quaestorum
658 412 916 474 Campanae
948 413 1161 460 coloniae
1200 414 1244 460 in
1285 414 1539 477 fragmento
1579 416 1786 463 fastorum
1804 417 2140 481 Campanorum
2185 417 2327 466 exstat

347 477 702 525 luculentissima
760 478 937 527 mentio
969 515 981 536 ,
1021 480 1145 527 sicuti
1187 484 1231 529 8<
1269 482 1316 528 in
1353 482 1456 528 aliis
1493 485 1652 530 nostris
1692 484 1996 531 marmoribus
2021 519 2031 530 .
2059 486 2110 531 In
2138 484 2332 532 aliarum

338 546 520 593 urbium
559 544 748 592 vetustis
785 546 939 594 titulis
976 549 1079 594 loco
1115 550 1400 613 quaestorum
1441 549 1500 596 est
1540 551 1617 597 ubi
1658 551 1878 609 praese-:Gti
1939 551 2113 599 aerario
2170 569 2329 600 occur-

335 625 464 669 rant,
506 624 555 660 ut
591 613 642 660 de
681 614 941 666 Caeritibus
978 619 1092 678 apud
1131 620 1263 664 Grut.
1289 637 1330 682 p.
1353 633 1609 683 2143nam
1652 621 1743 668 fuit
1783 637 1888 668 cum
1931 623 2104 668 Romae
2141 637 2326 685 quoque

337 681 553 744 praefe6fi
591 681 765 729 aerario
802 682 1099 730 dicerentur:
1122 684 1191 733 sed
1228 684 1477 744 Claudius,
1502 685 1610 733 teste
1651 688 1822 737 Tacito
1859 690 2024 736 Annal.
2053 704 2182 736 x111
2212 705 2329 736 aera-

336 748 410 797 rio
450 750 697 814 quaestores
734 750 911 797 rursum
953 750 1203 814 imposuit.

473 819 567 865 CII
606 816 741 864 Nihil
782 818 856 866 hic
892 819 944 866 de
980 820 1291 884 quaestoribus
1324 820 1787 887 'iis‚quos,florente
1827 823 1972 872 adhuc
2011 841 2103 889 rep.
2143 822 2330 888 provin·

337 884 425 934 ciis
462 885 621 933 Italiae
657 884 832 933 senatus
870 885 1386 954 imponebat,agimus:
1419 908 1522 937 nam
1559 908 1644 937 una
1680 890 1914 955 Cisalpina
1936 892 2086 940 Gallia
2123 904 2327 957 excepta,

335 971 449 1017 quae
488 952 800 1017 proconsulem
851 954 1101 1018 accipiebat
1140 994 1152 1014 ,
1191 958 1237 1005 in
1298 958 1494 1022 reliquas
1547 957 1711 1005 Italiae
1768 959 2033 1024 provincias
2069 961 2323 1026 quaestores

335 1032 435 1067 tum
479 1020 781 1068 mittebantur
822 1057 832 1068 .
872 1025 1123 1087 Campania
1163 1024 1238 1072 cui
1277 1025 1507 1092 obtigerat
1543 1063 1555 1084 ‚
1587 1025 1626 1074 is
1665 1027 1869 1091 quaestor
1918 1029 2115 1076 Calenus
2152 1028 2327 1076 diceba-

336 1102 438 1147 tur,
475 1089 593 1154 quod
632 1107 679 1135 ea
716 1089 765 1135 »in
804 1089 994 1138 civitate
1029 1092 1331 1141 domicilium
1370 1094 1579 1142 haberet.
1603 1096 1688 1143 Sed
1723 1096 1776 1143 de
1814 1096 2099 1163 Campaniae
2136 1095 2331 1145 reetori-

339 1156 421 1205 bus
459 1158 568 1205 alibi
611 1158 689 1206 σύν
736 1158 836 1223 Θεῷ
880 1158 1091 1207 dicetur.

481 1228 597 1273 CIII
637 1226 719 1272 Sed
754 1226 878 1290 >quod
917 1228 1146 1277 colonicas
1182 1230 1352 1278 attinet
1383 1230 1625 1295 pecunias,
1652 1231 1776 1279 fuere
1812 1234 1857 1280 3<
1895 1234 2142 1281 Curatores
2162 1233 2333 1282 Kalen·

335 1292 451 1341 darii
490 1329 503 1350 ,
552 1295 604 1341 de
650 1294 815 1358 quibus
855 1306 947 1341 tam
984 1296 1107 1361 saepe
1152 1297 1280 1345 tituli
1326 1299 1488 1346 vetusti
1526 1302 1770 1357 locuntur,
1808 1300 1888 1365 qui
1939 1301 2168 1364 publicam
2204 1304 2333 1348 colo-

333 1361 436 1409 niae
475 1362 710 1425 pecuniam
751 1362 927 1410 foenori
966 1366 1122 1412 darent
1154 1384 1163 1414 :
1204 1365 1307 1416 inde
1345 1368 1559 1432 appellati
1601 1405 1613 1426 ,
1649 1364 1769 1434 quod
1804 1369 1969 1417 exaffio
2000 1370 2150 1417 mense
2187 1370 2331 1435 singu·

332 1429 392 1477 lis
429 1430 647 1480 Kalendis
685 1432 1028 1480 recurrentibus
1056 1434 1204 1481 usuras
1241 1434 1478 1500 exigerent
1503 1473 1513 1483 .

470 1499 583 1545 CIV
623 1498 772 1546 Mitto
808 1496 899 1546 ism
941 1501 995 1548 de
1033 1503 1192 1565 poenis
1230 1505 1410 1560 dicere,
1435 1522 1626 1568 quarum
1664 1502 1807 1553 ‘etiam
1846 1504 2035 1554 ‘nomine
2058 1542 2074 1564 -,
2107 1516 2329 1571 quantum

330 1565 548 1615 discimus
579 1585 602 1613 e
630 1566 860 1615 veteribus
902 1567 1022 1617 saxis
1048 1606 1061 1627 ‚
1103 1588 1193 1618 non
1229 1589 1387 1635 parurn
1427 1574 1636 1636 oportuit
1673 1574 1882 1622 coloniae
1919 1574 2096 1622 aerario
2135 1573 2330 1638 acquiri.

330 1637 455 1683 Nam
495 1634 604 1697 quid
643 1635 728 1682 hoc
768 1635 1093 1699 frequentius?
1125 1638 1226 1699 Qui
1259 1637 1342 1686 hoc
1374 1641 1560 1704 paE’tum
1597 1641 1848 1691 violaverit
1887 1679 1900 1702 ‚
1945 1642 2110 1691 inferet
2158 1641 2330 1690 aerario

330 1713 403 1750 tot
440 1721 450 1750 ε
489 1705 596 1750 Hoc
635 1716 986 1752 monumentum
1028 1705 1054 1752 si
1094 1710 1200 1770 quis
1238 1708 1431 1756 vendere
1467 1722 1544 1757 aut
1582 1710 1747 1759 donare
1789 1712 1989 1759 voluerit
2049 1747 2062 1770 ,
2117 1711 2219 1759 dare
2255 1712 2331 1757 da-

334 1788 463 1818 mnas
499 1771 588 1819 esto
626 1773 798 1821 aerario
836 1784 941 1832 tot,
979 1786 1056 1822 aut
1088 1774 1215 1822 dabit
1253 1776 1460 1826 coloniae
1485 1777 1654 1826 nostrae
1677 1779 1838 1844 poenai
1872 1779 2061 1828 nomine
2096 1789 2202 1827 tot.
2226 1780 2331 1827 Irno

325 1841 444 1904 apud
483 1841 730 1889 Gruterum
768 1857 811 1905 p.
850 1845 1075 1905 801‚n.5
1120 1844 1234 1891 bona
1270 1845 1429 1894 omnia
1468 1865 1636 1912 poenae
1675 1848 1864 1898 nomine
1899 1847 2171 1897 addicuntur
2206 1864 2326 1894 aera-

328 1907 403 1956 rio
440 1908 488 1956 in
532 1908 649 1956 hunc
688 1912 1133 1973 moduszVOD.
1173 1915 1242 1960 SI.
1279 1916 1418 1975 QVI.
1454 1917 1814 1964 ADVERSVS.
1856 1918 1939 1969 lD.
1975 1917 2328 1965 FECERINT.

334 1979 592 2025 EORVM.
630 1980 831 2025 BONA.
867 1981 1256 2029 PERTINERE.
1296 1985 1669 2033 DEBEBVNT.
1708 1988 1821 2034 AD.
1873 1988 2069 2034 REMP.
2125 1986 2330 2033 BRVN·

332 2044 725 2092 DISINORVM
763 2046 900 2113 (37).
940 2048 1090 2095 Mitto
1128 2049 1266 2097 etiam
1308 2051 1360 2097 de
1398 2050 1457 2098 iis
1494 2052 1640 2100 dicere
1680 2089 1693 2111 ,
1730 2053 1810 2118 qui
1847 2053 2076 2101 coloniam
2115 2051 2328 2101 heredem

334 2111 656 2160 instituerent-z
697 2114 840 2161 mitto
876 2116 929 2163 de
963 2116 1313 2176 donationibus,
1353 2119 1570 2184 legatisve
1608 2121 1896 2188 privatorum
1929 2157 1942 2180 ,
1981 2139 2029 2168 ac
2066 2121 2118 2169 de
2156 2120 2321 2168 libera-

335 2179 467 2228 litate
507 2181 766 2248 principum
783 2220 794 2241 ,
813 2184 856 2230 ἃ
880 2183 1042 2232 ceteris
1060 2184 1106 2233 id
1128 2203 1271 2251 genus
1288 2224 1300 2244 ,
1317 2204 1371 2235 ex
1396 2187 1560 2253 quibus
1582 2190 1788 2238 coloniae
1811 2191 2031 2239 aerarium
2055 2190 2326 2255 augebatur.

466 2251 555 2297 CV
597 2251 681 2298 Sed
718 2252 771 2298 de
797 2251 1082 2300 coloniarum
1121 2254 1314 2319 praediis
1350 2274 1443 2304 non
1484 2258 1656 2322 poffum
1678 2258 1764 2306 fine
1785 2259 1966 2324 piaculo
1987 2272 2322 2323 tacerezneque

331 2316 456 2366 enim
486 2353 499 2375 ‚
539 2335 642 2366 cum
680 2337 791 2384 agro
827 2321 1107 2369 multabatur
1156 2322 1323 2371 civitas
1355 2361 1367 2382 ‚
1404 2327 1477 2373 vel
1514 2343 1618 2374 cum
1669 2326 1893 2376 veteranis
1930 2339 2008 2375 aut
2044 2325 2226 2374 civibus
2267 2327 2321 2372 R.

335 2386 632 2450 affignabatur
662 2423 674 2445 ,
713 2406 802 2438 non
842 2387 944 2439 suus
983 2391 1145 2438 modus
1180 2391 1222 2439 ei
1264 2405 1415 2441 tamen
1454 2392 1640 2442 civitati
1687 2396 2029 2460 relinquebatur
2060 2430 2071 2441 .
2109 2395 2160 2441 Id
2199 2392 2322 2459 quod

331 2453 540 2501 Velleius
578 2456 630 2502 de
667 2457 821 2520 Capua
859 2456 1023 2505 diserte
1060 2457 1279 2522 scriptum
1315 2460 1507 2527 reliquit
1543 2463 1727 2522 lib.11,
1764 2481 1858 2527 cap.
1898 2466 1988 2520 81,
2027 2461 2104 2510 ubi
2141 2463 2194 2509 de
2229 2462 2320 2508 Ca-

332 2540 421 2587 pua
459 2525 511 2569 ab
549 2522 752 2571 Oaavio
785 2527 966 2573 colonia
1004 2525 1211 2573 instituta
1252 2547 1430 2578 narrans
1467 2533 1563 2579 ait:
1592 2533 1710 2579 Eius
1745 2532 1991 2597 (Capuae)
2031 2532 2175 2580 reliffi
2194 2544 2317 2577 erant

326 2591 499 2655 publici
536 2593 619 2641 ἃς.
658 2592 744 2641 Sed
783 2594 878 2642 viri
915 2592 1042 2643 doffi
1079 2612 1183 2643 eum
1221 2597 1376 2646 locum
1415 2598 1618 2648 mirifice
1672 2600 1787 2648 alius
1824 2599 1958 2648 aliter
2003 2635 2016 2658 ,
2052 2599 2159 2647 dum
2208 2597 2321 2645 illu-

2218 2666 2324 2715 stra-

328 2796 338 2804 ·
372 2754 456 2796 (37)
482 2753 576 2788 Nihil
613 2756 746 2801 quidem
784 2757 834 2795 h's
873 2757 988 2803 poenis
1026 2758 1235 2805 frequentius
1263 2759 1299 2796 in
1349 2757 1398 2806 pis
1428 2769 1593 2804 occurret,
1623 2759 1804 2798 dicendum
1830 2760 1893 2796 erit
1917 2772 1990 2796 eam
2020 2759 2182 2795 Antonini
2207 2758 2318 2802 legem

317 2800 596 2841 ,inscriptionibus
623 2804 743 2845 legitur
768 2830 775 2838 .
814 2811 906 2851 Quas
930 2813 1042 2839 tamen
1068 2806 1296 2852 inscriptiones
1348 2820 1416 2842 non
1442 2809 1498 2842 diu
1524 2809 1641 2844 steriffe
1659 2835 1667 2844 .
1703 2815 1902 2854 Quanquam
1929 2833 1940 2852 ,
1978 2815 2025 2841 uti
2051 2807 2185 2858 quidem
2211 2805 2320 2850 Ῑθῖυἷ·

326 2855 443 2878 omnes
469 2848 641 2882 Antonino
670 2853 726 2883 Pio
751 2852 956 2896 antiquiores
982 2853 1042 2885 effe
1067 2853 1210 2887 coniicio
1228 2879 1238 2895 ‚
1256 2857 1296 2889 de
1345 2862 1398 2888 tur
1424 2855 1633 2898 capitolinus
1660 2881 1671 2898 ‚
1713 2855 1846 2889 videtur
1882 2867 1920 2887 ea
1960 2854 2015 2887 lex
2042 2853 2094 2886 sua
2120 2863 2186 2884 iam
2212 2860 2321 2886 aetate

324 2901 391 2934 quo
417 2891 455 2924 fic
481 2893 582 2936 reperi
610 2905 713 2938 nuper
736 2897 819 2939 apud
836 2897 1066 2939 Capitolinum
1088 2899 1120 2932 in
1139 2900 1208 2934 eius
1234 2900 1296 2935 im-
1345 2899 1545 2944 obtinuisse,
1580 2913 1681 2946 quarn
1708 2910 1882 2945 propterea
1908 2900 1934 2934 is
1959 2903 1997 2932 ad
2027 2900 2119 2932 Pium
2147 2897 2317 2932 wCiorem

328 2946 488 2979 peratons
516 2940 610 2973 vita.-
628 2945 765 2976 Primus
791 2945 971 2985 constttuit
992 2956 1031 2976 ne
1051 2953 1180 2988 poenae
1198 2948 1296 2988 caus.
1343 2946 1446 2980 refert
1470 2972 1477 2979 .
1514 2951 1528 2980 f
1557 2948 1734 2981 Cornelius
1760 2945 2017 2981 Binkershooek
2044 2944 2079 2977 in
2105 2943 2249 2978 trastatu
2274 2944 2316 2977 de

320 2984 366 3021 sa
393 2988 546 3025 legatum
572 2986 727 3020 relie'ffum
754 3001 906 3022 maneret
924 3014 932 3022 .
953 2989 1039 3022 Mihi
1066 2990 1201 3033 quidem
1227 3004 1294 3026 non
1343 2992 1462 3035 legatis
1489 3003 1615 3037 poenae
1640 2994 1778 3033 nomine
1805 3021 1818 3038 ,
1860 2992 2086 3036 inscriptwn‘s
2129 2989 2316 3041 ⁰⁰¹¹‚adhl‘

327 3037 423 3062 vacat
449 3029 676 3073 inscriptiones
702 3044 887 3076 percurrere
915 3060 925 3076 ‚
951 3035 983 3067 &
1010 3037 1151 3078 experiri
1179 3049 1220 3070 an
1245 3038 1295 3070 ul-
1346 3037 1440 3077 buit,
1467 3049 1509 3072 ex
1532 3038 1650 3083 quibus
1675 3039 1702 3073 is
1729 3039 1885 3073 trastatus
1917 3037 1947 3070 δι
1974 3037 2079 3070 multo
2103 3036 2257 3080 pinguior
2282 3035 2317 3068 &-

328 3072 398 3106 lam
424 3086 465 3108 ex
491 3075 530 3109 iis
557 3077 671 3120 legatis
697 3080 821 3113 aerario
838 3080 989 3115 coloniae
1009 3085 1194 3121 POENAE
1216 3087 1298 3116 NO-
1348 3083 1505 3117 illustrior
1530 3086 1671 3121 evadere
1700 3093 1833 3131 poterat
1858 3109 1867 3119 .
1911 3087 1992 3128 itaq·
2029 3083 2155 3129 aliquid
2183 3090 2315 3118 tentma

329 3120 452 3153 MlNE
477 3122 601 3157 renuis
627 3124 695 3168 post
722 3127 887 3161 Antonini
915 3135 1064 3168 tempora
1092 3129 1295 3163 inveniatur.
1344 3128 1424 3164 dum
1450 3131 1465 3162 J
1484 3154 1492 3165 .

329 3165 419 3200 Nam
442 3167 539 3202 sicubi
565 3171 630 3205 tale
654 3172 781 3217 aliquid
813 3173 884 3218 post
909 3175 1060 3210 aetatem
1085 3174 1154 3209 eius
1179 3175 1301 3220 princi-
