2622 3522
642 224 722 269 DE
760 223 984 269 Apomrss.
1022 219 1296 267 CATAavm
1335 230 1395 263 n
1431 217 1603 264 Lvuo.
2020 229 2109 275 123

145 289 377 340 Iuvenalis
415 287 664 337 scholiastes
703 290 753 336 ad
794 288 872 336 sat.
911 291 937 335 8
978 286 1241 350 deseri-pliffe
1281 284 1460 331 videtur
1499 318 1509 331 .
1547 286 1622 330 Ac
1672 279 1910 329 Salmasius
1958 298 2115 329 exerc.

150 360 199 407 in
239 360 327 405 Sol.
367 377 390 406 a
426 376 631 414 mormyre
666 356 784 423 pisce
812 394 823 410 ,
862 356 990 403 cuius
1025 354 1076 402 fit
1114 355 1165 400 ab
1205 352 1380 400 Ovidio
1417 351 1530 415 apud
1570 348 1774 396 Plinium
1813 366 1969 398 xxx11
1993 386 2005 406 ‚
2048 367 2063 398 1
2087 366 2104 397 Ι

152 427 366 483 mentio,
406 425 730 486 Myrmillones
766 427 1010 487 appellatos
1057 420 1278 486 putavit:
1338 420 1389 467 de
1444 436 1535 482 quo
1591 428 1742 464 tamen
1808 417 1910 464 vide
1966 416 2115 464 Voffii

152 507 281 554 etym
309 531 319 541 .
361 495 435 542 Ad
472 509 565 539 rem
606 510 714 539 vero
752 492 940 539 nostram
981 490 1099 555 quod
1157 490 1359 537 attinet:
1416 504 1505 533 non
1557 483 1739 534 absurde
1803 503 1882 531 nos
1932 483 2116 549 quidem

153 563 376 615 Γκλαέτας
414 562 493 609 nx?
526 562 710 625 Θρᾷκας
750 561 1053 620 Myrmilloms
1089 562 1146 604 ἴθ’
1181 560 1368 603 Threces
1405 554 1522 601 verti
1563 552 1681 616 poffe
1720 553 1986 615 putabamus
2006 570 2032 610 ,·
2069 569 2115 599 re

156 628 280 676 enim
324 646 424 675 vera
463 629 790 688 Myrmillones
827 643 1148 690 nonnunquam
1188 623 1370 687 quidem
1422 637 1526 668 cum
1580 619 1778 666 retiariis
1806 655 1819 676 ‚
1869 621 2118 685 plerunque

147 709 309 745 ,autem
349 714 452 743 cum
494 695 752 742 Threcibus
790 694 1220 742 committebantur:
1260 691 1412 754 itaque
1457 686 1704 736 verisimile
1750 686 1824 733 vest
1881 705 1971 734 non
2027 703 2122 736 tam

158 762 393 810 nationem
435 762 672 809 hominum
697 800 709 818 ‚
748 780 881 825 quam
919 761 1223 829 gladiatorum
1261 774 1401 821 genus
1451 755 1694 804 Plutarcho
1744 751 1957 801 scribenti
1994 754 2125 804 fuisse

159 830 476 878 obversatum.
519 830 710 876 Accedit
749 829 848 886 his,
888 830 1005 894 quod
1042 829 1157 884 apud
1197 827 1384 872 Florum
1423 824 1470 872 in
1507 821 1643 868 huius
1681 821 1789 868 belli
1830 820 2012 868 historia
2047 839 2127 870 ex-

161 897 306 963 preffa
344 899 400 946 est
438 896 801 958 Myrmillonum
843 896 1045 944 mentio:
1083 898 1275 942 Tandem
1312 894 1469 950 etiam,
1508 887 1684 954 inquit,
1708 889 1812 936 totis
1849 890 2020 952 imperii
2053 890 2125 937 ὐἱ-

160 966 287 1012 ribus
324 981 474 1012 contra
518 966 847 1027 Myrmillonem
886 965 903 1027 (
941 967 1208 1028 Spartacum
1252 964 1267 1025 )
1307 960 1584 1022 consurgitur
1607 992 1618 1003 .
1653 960 1824 1005 Verum
1863 972 1913 1005 ut
1951 972 2003 1005 ut
2038 959 2133 1023 gla-

169 1032 364 1080 diatores
403 1032 474 1078 illi
514 1031 762 1080 maximam
808 1046 979 1096 partem
1020 1029 1349 1094 Myrmillones
1385 1024 1673 1089 Threcesque
1709 1025 1964 1073 exstiterint
2006 1044 2014 1072 :
2054 1025 2139 1073 vix

169 1112 322 1148 tamen
362 1100 560 1163 putarim
601 1098 724 1146 aliud
764 1098 864 1146 illis
901 1099 1076 1153 verbis,
1112 1114 1247 1161 quam
1288 1112 1447 1144 eorum
1485 1094 1714 1140 servorum
1764 1092 1993 1140 nationem
2032 1095 2138 1141 Plu-

170 1168 380 1215 tarchum
422 1174 576 1214 notare
614 1166 830 1213 voluiffe.
865 1169 1020 1225 Quare
1057 1165 1202 1213 tutius
1259 1163 1343 1210 seci
1380 1199 1392 1218 ,
1444 1173 1493 1207 ut
1551 1161 1708 1206 Gallos
1758 1161 1803 1207 δε
1857 1162 2051 1208 Thracas
2089 1160 2138 1207 in

172 1235 555 1300 interpretatione
590 1250 802 1298 ponerem
829 1267 841 1279 .
882 1235 1038 1291 Nam,
1077 1233 1106 1280 s1
1146 1230 1217 1279 cui
1262 1231 1314 1278 sit
1351 1228 1530 1285 libido,
1564 1227 1759 1274 liberum
1799 1226 1858 1274 est
1898 1230 2052 1275 Gallos
2087 1227 2143 1274 il-

176 1304 247 1352 los
283 1305 327 1350 ὃς
362 1304 561 1349 Thracas
598 1301 650 1348 ad
686 1299 933 1349 artificium
992 1299 1155 1348 referre
1181 1336 1193 1358 ‚
1245 1299 1414 1364 quippe
1461 1313 1564 1344 cum
1618 1294 1948 1356 Myrmillones
2002 1295 2145 1344 iidem

171 1369 301 1419 Galli
343 1368 457 1416 olim
496 1368 778 1417 dicerentur.
812 1371 970 1434 Itaque
1007 1368 1062 1416 fic
1099 1385 1279 1434 quoque
1319 1367 1365 1415 in
1404 1379 1506 1414 tuto
1542 1381 1610 1412 res
1661 1364 1749 1412 erit
1776 1400 1789 1411 .
1825 1367 2003 1413 Tamen
2028 1402 2043 1424 ,
2080 1363 2150 1412 uti

173 1438 411 1494 dicebam,
449 1437 653 1484 nationes
678 1473 689 1495 ‚
728 1454 816 1484 non
854 1436 994 1486 studia
1032 1437 1097 1484 ibi
1138 1434 1379 1484 historicus
1416 1431 1642 1482 indicavit
1684 1450 1694 1479 ε
1735 1449 1836 1480 nam
1879 1450 2033 1481 revera
2071 1450 2148 1481 eos

173 1506 402 1571 fugitivos
438 1516 541 1552 ortu
583 1504 747 1569 pai-tim
785 1506 944 1554 Gallos
981 1506 1147 1570 partim
1185 1505 1386 1553 Thracas
1423 1501 1651 1561 fuiffe,ex
1668 1500 1897 1550 Plutarchi
1936 1501 2146 1566 sequente

181 1572 438 1623 narratione
477 1572 762 1639 percipitur:
801 1579 910 1623 Cum
966 1574 1076 1622 enim
1108 1610 1121 1632 ‚
1160 1572 1355 1638 inquit,
1410 1589 1506 1638 opes
1559 1576 1785 1619 Romanas
1834 1572 2072 1635 opprimere
2097 1569 2149 1630 se

177 1642 286 1709 poffi:
321 1641 339 1703 (
376 1642 611 1705 Spartacus
646 1643 663 1707 )
700 1643 926 1703 diffideret
948 1662 975 1701 ‚·
1011 1643 1153 1691 movit
1191 1661 1282 1689 cum
1321 1643 1504 1689 exercitu
1538 1639 1697 1699 versus
1732 1641 1880 1702 Alpes
1909 1674 1924 1697 ‚
1958 1639 2080 1700 censu
2095 1639 2157 1684 it-

183 1729 264 1776 que
301 1710 360 1756 iis
389 1709 613 1773 superatis
640 1746 653 1768 ,
691 1714 860 1757 domum
896 1712 1053 1774 cuique
1087 1712 1207 1769 suam
1234 1746 1246 1766 ‚
1285 1709 1388 1757 aliis
1424 1710 1466 1755 in
1505 1707 1737 1755 Thraciam
1759 1742 1772 1763 ‚
1813 1707 1926 1754 alii's
1962 1708 2006 1754 in
2043 1706 2155 1753 Gal-

185 1779 322 1832 liam,
358 1779 598 1825 abeundum
632 1813 643 1825 .
679 1778 753 1825 Ad
792 1777 898 1826 haec
935 1777 1136 1827 Crixum
1176 1779 1222 1826 &
1263 1781 1552 1825 Oenomaum
1600 1790 1759 1839 genere
1808 1774 1968 1821 Gallos
2023 1772 2152 1821 fuiffe

182 1845 233 1894 in
271 1845 455 1892 historia
495 1845 695 1907 miscella
731 1844 850 1910 legi.
889 1849 1089 1895 Demum
1131 1849 1396 1912 Spartacum
1433 1857 1587 1892 ortum
1638 1840 1685 1889 in
1741 1840 1940 1890 Thracia
1986 1856 2147 1887 omnes

185 1912 477 1963 consentiunt
503 1934 524 1960 .·
561 1915 606 1961 ὃ(
640 1926 794 1961 tamen
832 1913 950 1961 hunc
974 1952 990 1973 ,
1024 1932 1155 1979 quern
1194 1932 1353 1980 genere
1387 1912 1614 1960 Thracem
1653 1908 2150 1974 scriptoresaffirmant,

190 1980 393 2031 artificio
431 1999 520 2028 non
557 1982 814 2039 Threcem,
853 1981 921 2030 sed
978 1981 1336 2044 Myrmillonem
1387 1980 1519 2028 fuiffe
1567 1977 1718 2025 verbis
1765 1977 1890 2041 supra
1939 1976 2142 2026 recitatis

192 2053 356 2099 Florus
392 2049 612 2098 affirmat:
647 2049 764 2098 itaut
786 2048 895 2107 ‚nili
932 2049 1010 2096 iste
1048 2069 1128 2098 nos
1165 2049 1308 2107 fallit,
1344 2066 1424 2096 nec
1459 2046 1534 2112 qui
1575 2045 1810 2092 eThracia
1845 2062 1984 2110 genus
2017 2044 2153 2092 duce-

195 2119 300 2165 bant
338 2136 413 2168 eos
450 2118 676 2166 continuo
713 2118 851 2165 etiam
894 2116 1092 2166 artificio
1128 2119 1238 2166 tales
1274 2116 1403 2165 fuisse
1440 2113 1607 2163 neceffe
1645 2112 1783 2160 fuerit
1817 2148 1831 2170 ,
1886 2131 1963 2161 nec
2009 2111 2090 2176 qui
2126 2129 2153 2160 e

190 2186 343 2234 Gallia
366 2223 378 2244 ‚
415 2203 491 2234 eos
527 2184 717 2235 omnino
755 2184 1116 2253 Mvrmillonesg
1150 2187 1195 2234 ὃς
1229 2185 1434 2234 nationes
1457 2219 1468 2241 ,
1509 2199 1600 2230 non
1646 2180 1849 2229 instituta
1903 2181 2148 2228 hominum

193 2254 328 2303 unice
364 2253 658 2302 Cheronenfis
696 2253 931 2320 speeiarit.

327 2325 491 2371 XVIII
530 2319 791 2388 Antequam
832 2339 940 2368 vero
979 2339 1162 2372 manum
1199 2322 1255 2370 de
1290 2322 1471 2370 tabula:
1515 2317 1732 2367 Paeanius
1769 2317 1978 2377 is‚cuius
2012 2315 2155 2366 exstat

187 2393 360 2438 Graeca
399 2389 612 2455 Eutropii
650 2389 974 2455 metaphrasis,
1012 2391 1133 2455 quod
1170 2391 1349 2454 effraHo
1384 2395 1564 2453 Capuae
1598 2389 1697 2434 ludo
1734 2385 1983 2451 Eutropius
1999 2384 2152 2443 dixit,

187 2456 232 2504 is
267 2456 491 2523 ὁρϋξκνπς
528 2460 583 2508 τό
627 2458 930 2525 μονομαχικόν
963 2459 1161 2522 θέατρον
1197 2456 1373 2524 posuit:
1408 2473 1525 2522 quae
1561 2455 1588 2502 si
1627 2472 1731 2502 vera
1777 2454 1885 2502 esset
1934 2453 2155 2517 interpre-

190 2523 341 2583 tati0,
377 2524 470 2573 iam
507 2524 734 2592 Campani
770 2524 1096 2590 amphitheatri
1134 2539 1331 2573 veterem
1371 2524 1553 2572 tandem
1590 2521 1744 2570 testem
1788 2520 2145 2570 invenissemus-

185 2593 270 2640 Sed
305 2605 411 2641 toto
448 2594 619 2643 aberrat
655 2595 778 2642 caelo
815 2593 853 2641 is
890 2595 1136 2642 Graeculus
1175 2611 1264 2642 non
1302 2593 1463 2651 secus,
1498 2604 1632 2656 atque
1671 2591 1749 2639 ubi
1790 2589 1838 2638 in
1897 2587 2152 2637 Commodi

189 2662 323 2708 rebus
360 2663 663 2730 uovouxxtndv
696 2660 855 2712 §7³4¹va
891 2665 1086 2726 appellat
1125 2698 1139 2719 ‚
1175 2661 1298 2728 quod
1351 2659 1656 2726 μονοακχικόν
1711 2658 2000 2721 κατκγώγιον
2038 2690 2051 2713 ,
2102 2665 2154 2704 ut

187 2727 476 2777 Herodianus
513 2742 675 2786 vocat,
714 2739 890 2776 vertere
926 2729 1168 2778 debuiffet.
1206 2731 1277 2776 Ac
1313 2727 1366 2776 de
1402 2726 1592 2776 Lentuli
1629 2726 1738 2774 ludo
1760 2762 1774 2784 ,
1810 2743 1945 2791 quem
1986 2722 2151 2788 fugiti-

182 2813 347 2843 vorum
385 2797 567 2862 eruptio
601 2796 716 2861 apud
755 2795 947 2858 posteros
983 2797 1262 2856 celebravit,
1298 2795 1389 2845 iam
1440 2794 1546 2844 satis
1579 2830 1592 2842 .
1651 2793 1904 2859 Ceteroqui
1949 2790 2154 2841 Caesaris

186 2863 317 2913 ludus
352 2867 502 2912 multo
537 2863 828 2930 frequentior
863 2863 988 2912 fuit.

323 2935 433 2980 XIX
471 2935 539 2981 At
577 2951 684 2980 vero
721 2936 852 2980 ludus
891 2931 1088 2988 familiae
1120 2933 1423 2998 gladiatorum
1474 2931 1681 2992 Caesaris·
1734 2930 2044 2978 Alexandreae
2082 2928 2146 2975 ad

189 3003 448 3063 Aegyptum
485 3001 613 3048 cuius
653 3002 827 3049 mentio
871 2998 925 3047 fit
962 2999 1010 3049 in
1047 3002 1351 3066 Neapolitano
1389 2999 1544 3064 elogio
1592 2998 1709 3062 apud
1759 3002 1895 3046 Grut.
1933 3015 1973 3060 p.
2011 2997 2144 3061 376,

195 3081 223 3134 3
261 3084 363 3117 ηοη
387 3069 441 3119 ad
476 3069 710 3120 Caesarem
748 3081 921 3139 patrem
961 3103 977 3129 ‚
1010 3065 1081 3120 sed
1134 3069 1186 3119 ad
1239 3067 1393 3118 filium
1449 3067 1707 3137 Augustum
1749 3065 1811 3115 est
1863 3063 2116 3115 referendus
2135 3097 2164 3138 ‚-

2092 3145 2169 3180 cul

129 3247 215 3286 a*
