2622 3522
352 196 415 240 42
971 180 1732 235 CArvTPnzmvm

351 266 431 293 nio
469 244 571 292 isset
596 282 606 302 ,
647 256 773 299 tuin,
814 243 840 290 si
879 244 930 293 de
967 248 1151 295 Caesare
1190 249 1390 296 Ostwio
1418 286 1430 308 ,
1466 253 1660 301 dubitari
1701 260 1880 316 poterat
1920 257 2138 300 utrumne
2169 262 2270 302 ante
2308 290 2331 314 7

349 334 400 361 an
444 314 534 379 post
574 315 782 376 adeptum
826 314 1132 378 principatum
1173 335 1220 364 ea
1259 317 1369 365 esset
1410 321 1624 368 transaeta
1663 320 1904 386 assignatio
1944 356 1954 367 .
2002 321 2121 366 Ecce
2169 333 2321 371 autem

351 384 396 428 in
438 385 604 438 altero,
641 398 774 444 quem
815 381 937 446 supra
977 385 1338 432 commemoravi
1380 423 1392 442 ,
1454 387 1616 435 libello
1663 389 1815 453 inepte
1876 388 2062 454 quidem
2113 388 2322 448 Syllanae

352 466 418 497 res
456 467 558 503 cuin
599 447 794 512 Augusti
834 450 1216 510 commiscentur,
1258 454 1311 500 fic
1351 467 1501 502 tamen
1529 493 1545 515 ,
1595 468 1645 504 ut
1681 456 1914 522 intelligas
1971 456 2022 503 ad
2059 455 2320 519 Augustum

349 517 436 563 esse
474 516 672 579 aliquam
715 514 1054 581 assignationem
1096 519 1393 569 referendam.
1435 523 1508 571 Sic
1545 525 1672 572 enim
1713 525 1877 572 habet:
1915 530 2048 587 Ager
2083 524 2178 569 eius
2223 524 2322 588 lege

347 586 535 629 salama
564 583 716 641 fuerat
752 587 1002 649 affignatus
1038 608 1063 634 a
1100 589 1278 649 Caesare
1311 594 1517 655 ..Augusto
1553 594 1599 639 in
1637 594 1899 657 iugeribus:
1943 594 2021 654 sed
2051 591 2196 656 postea
2234 593 2316 638 mi-

349 654 508 698 litibus
547 653 704 698 dividi
743 653 877 715 iuffus
914 656 969 706 es}
998 673 1078 721 pro
1117 660 1291 705 merito.
1617 691 1622 695 -

484 721 621 766 LXII
662 719 815 784 Atqui
856 721 1046 771 ficulnea
1083 723 1214 771 istaec
1250 726 1408 775 omnia
1446 740 1710 794 argumenta
1749 727 1947 777 censebis
1986 744 2089 793 prae
2128 726 2324 775 aussori·

356 799 446 834 tate
485 787 656 845 Plinii,
695 805 830 853 quam
869 789 1091 859 subiungo
1113 827 1123 838 .
1160 795 1204 840 Is
1240 795 1320 841 lib.
1359 813 1479 845 xvu
1498 813 1559 854 ἵ,
1588 815 1681 861 cap.
1708 815 1725 846 1
1744 813 1760 845 t
1787 834 1799 855 ‚
1823 815 1925 845 cum
1950 798 2091 846 alicae
2114 795 2334 844 omnium-

345 855 682 920 probatiflimae
706 893 717 912 ,
758 875 870 920 quae
906 877 928 906 a
967 861 1216 925 Campanis
1252 861 1414 922 fiebat,
1454 864 1690 912 modulum
1729 865 2047 930 rationemque
2100 861 2316 930 praescri-

348 926 502 981 beret,
538 925 643 971 haec
681 924 780 972 ait:
818 929 971 986 Postea
1008 929 1025 991 (
1062 930 1218 975 mirum
1258 932 1415 997 dic‘lu)
1455 935 1723 993 admiscetur
1759 953 1874 980 creta
1910 970 1921 992 ,
1944 953 2050 998 quae
2085 933 2240 988 tranfit
2279 933 2335 979 iu,

348 1008 498 1054 corpus
523 1028 535 1048 ,
573 995 828 1056 coloremque
866 1001 922 1043 (Τ
961 998 1227 1044 teneritatem
1263 1001 1392 1062 affert
1414 1037 1424 1046 .
1462 1003 1705 1049 Invenitur
1745 1003 1845 1048 haec
1882 1003 1997 1049 inter
2030 1002 2233 1048 Puteolos
2268 1003 2328 1048 (9⁶

347 1062 582 1122 Neapolim
622 1062 666 1107 in
706 1064 813 1109 colle
849 1068 1085 1127 Leucogaeo
1123 1069 1375 1130 appellato.
1412 1072 1658 1133 Exstaetque
1695 1073 1830 1117 DIVI
1858 1072 2139 1118 AVGVSTI
2182 1070 2326 1115 decre-

350 1142 469 1186 tum,
510 1148 588 1192 quo
624 1147 769 1175 annua
804 1134 957 1180 vicena
994 1134 1143 1182 millia
1183 1138 1496 1197 Neapolitanis
1527 1152 1605 1199 pro
1645 1157 1689 1186 eo
1726 1140 1949 1186 numerari
1984 1139 2104 1198 iuffit
2153 1155 2173 1182 e
2211 1136 2323 1198 fisce

336 1197 441 1258 suo,
481 1200 824 1247 COLONIAM
855 1205 1200 1249 DEDVCENS
1237 1207 1548 1252 CAPVAM.
1608 1207 1883 1269 Adiecitque
1919 1206 2087 1267 causam
2137 1205 2324 1267 afferen-

344 1266 396 1320 di
423 1302 437 1324 ‚
473 1267 672 1328 quoniam
713 1269 943 1331 riegaffint·
967 1271 1182 1333 Campani
1216 1272 1375 1318 alicam
1413 1275 1563 1334 confici
1590 1275 1682 1328 sine
1717 1293 1759 1321 eo
1797 1277 1973 1322 metallo
2004 1273 2114 1338 ΡοΠὲ
2151 1307 2162 1319 .
2221 1272 2322 1320 Ad-

343 1333 498 1380 versus
533 1346 626 1380 tam
666 1337 896 1382 luculenta
936 1337 1076 1384 Plinii
1118 1340 1251 1387 verba
1290 1340 1401 1404 quid
1443 1359 1710 1407 magnopere
1748 1343 1897 1390 afferri
1938 1341 2078 1407 potest
2112 1377 2126 1400 ‚
2163 1354 2329 1388 contra

341 1400 528 1449 tertiam
569 1401 679 1449 hanc
715 1404 768 1451 ab
805 1405 1013 1470 Augusto
1048 1405 1284 1455 dedufitam
1321 1410 1590 1457 coloniam?
1645 1409 1744 1459 Nisi
1795 1409 1883 1458 hoc
1920 1408 2103 1460 fortasse
2137 1407 2328 1470 respon-2>

342 1469 478 1528 deas,
517 1469 720 1519 Plinium
758 1471 944 1536 quidem
983 1473 1292 1524 Otii-avianum*
1329 1477 1523 1525 voluisse
1560 1478 1734 1536 dicere,
1772 1477 1853 1544 qui
1880 1479 2100 1544 quoniam
2128 1475 2205 1524 suo
2224 1475 2317 1524 iam

340 1549 550 1604 tempore
586 1541 814 1606 Augustus
851 1543 1161 1608 appellabatur
1189 1580 1204 1601 ‚
1259 1544 1437 1594 idcir-co
1473 1547 1663 1613 prolepsi
1701 1545 1862 1605 usum,
1909 1546 2168 1613 Augustum
2205 1562 2318 1592 eum

341 1605 617 1673 nuncupasse
640 1644 651 1655 .
691 1610 776 1657 Sed
817 1609 845 1657 si
887 1612 1021 1659 verba
1060 1611 1200 1660 Plinii
1238 1614 1455 1662 attentius
1490 1614 1697 1663 intueare
1727 1652 1740 1673 ,
1778 1633 1866 1662 non
1904 1615 1979 1663 hic
2018 1613 2317 1676 anticipatio·

340 1676 390 1723 ni
430 1678 557 1724 locus
593 1676 896 1726 invenietur.
944 1680 1151 1728 Primum
1192 1698 1297 1728 cum
1336 1681 1400 1729 ait
1432 1719 1444 1740 ,
1503 1685 1750 1749 Exstatque
1786 1685 1906 1733 Divi
1941 1683 2142 1747 Augusti
2180 1684 2326 1730 decre·

338 1758 462 1803 tum,
500 1745 597 1792 eius
635 1744 805 1793 decreti
841 1746 1116 1815 epigraphen
1153 1749 1415 1815 expreffisse
1451 1749 1656 1811 videtur,
1695 1770 1833 1818 quam
1875 1752 1996 1800 inter
2031 1752 2207 1798 decreta
2227 1749 2333 1798 eius

336 1811 559 1878 principis
596 1812 642 1861 in
681 1831 822 1862 unum
861 1821 1079 1866 volumen
1117 1817 1211 1882 post
1247 1818 1347 1867 eius
1383 1816 1584 1867 mortem
1623 1821 1856 1886 compasta
1891 1821 1931 1869 is
1968 1819 2135 1886 legerit
2165 1836 2176 1866 ε
2217 1836 2323 1868 nam

336 1880 589 1930 consecrati
626 1881 720 1930 iarn
759 1881 991 1951 principes
1025 1903 1117 1935 non
1154 1885 1249 1935 alio
1284 1905 1422 1953 quarn
1462 1887 1578 1936 Divi
1619 1892 1909 1954 praenomine
1945 1889 2270 1938 decorabantur
2307 1924 2320 1936 .

335 1949 517 1998 Deinde
554 1950 672 1998 illud
709 1970 730 1997 e
754 1952 864 2013 fisco
894 1954 973 2014 suo
1032 1954 1051 2019 (
1084 1972 1197 2020 quae
1237 1957 1375 2004 verba
1412 1955 1596 2005 videtur
1631 1975 1811 2024 quoque
1848 1957 2027 2006 Plinius
2063 1956 2260 2004 fideliter
2295 1974 2329 2005 e·

337 2017 522 2067 decreto
557 2018 831 2083 exscripsisse
867 2021 886 2086 )
922 2039 1016 2086 quo
1053 2023 1186 2087 paeto
1225 2025 1370 2090 potest
1407 2025 1455 2074 in
1493 2026 1810 2076 Ossavianum
1847 2040 1951 2076 ante
1986 2025 2227 2074 Actiacam
2251 2024 2326 2072 vi-

337 2084 533 2133 &oriam
574 2087 818 2137 convenire
837 2086 860 2136 ἶ·
891 2092 1015 2140 Nam
1054 2105 1157 2140 ante
1194 2092 1310 2141 illud
1348 2105 1529 2160 tempus
1565 2095 1640 2143 etsi
1680 2096 1835 2143 omnia
1873 2113 1956 2161 pro
1990 2094 2066 2142 sua
2114 2096 2328 2141 volunta-

336 2167 386 2202 te
423 2155 775 2217 moderabatur,
809 2169 998 2220 tamen,
1031 2160 1152 2226 quod
1191 2161 1394 2210 nondum
1430 2164 1741 2212 monarchiam
1778 2163 1890 2212 esset
1925 2164 2137 2227 adeptus,
2173 2160 2332 2210 fiscum

336 2223 542 2274 nondum
580 2225 741 2273 habere
777 2225 1016 2277 dicebatur
1040 2262 1050 2274 .
1109 2229 1307 2279 Accedit
1352 2230 1440 2280 hoc
1497 2232 1639 2282 etiam
1693 2232 1814 2299 quod
1863 2233 1917 2281 ab
1952 2230 2214 2281 offiaviano
2253 2241 2329 2278 tot·

337 2290 474 2340 bellis
506 2305 610 2341 ante
644 2292 914 2346 confliaum
952 2297 1200 2347 Afflacum
1239 2298 1432 2349 distento
1469 2300 1613 2350 aliena
1651 2301 1830 2367 prorsus
1865 2300 2051 2351 videtur
2087 2299 2197 2347 haec
2248 2317 2329 2348 πε-

337 2362 509 2422 ριεργία
545 2362 597 2410 de
635 2362 752 2410 alica
791 2365 1063 2430 cogitandi,
1118 2386 1168 2416 ac
1205 2368 1257 2416 de
1291 2370 1564 2435 Leucogaeo
1601 2371 1719 2419 colle
1754 2369 2004 2436 Campani-s
2044 2366 2291 2415 tribuendo
2315 2401 2336 2424 s

339 2444 434 2490 quo
469 2428 631 2477 alicam
672 2431 851 2496 possent
884 2435 1135 2483 conficere.
1188 2440 1392 2485 Demum
1440 2439 1470 2486 si
1510 2438 1622 2488 hanc
1659 2456 1683 2486 a
1721 2438 1876 2486 Plinio
1912 2437 2160 2486 indicatam
2200 2436 2326 2482 colo·-

344 2493 466 2542 niam
507 2515 610 2546 cum
649 2500 932 2563 praecedenti
972 2504 1338 2554 confundendam
1378 2516 1538 2571 putas:
1578 2524 1659 2556 cur
1694 2506 1932 2566 Velleius,
1970 2522 2049 2554 cur
2088 2503 2211 2559 Dio,
2244 2502 2329 2568 qui

347 2562 401 2609 tle
440 2565 520 2612 illa
559 2566 772 2631 proxime
809 2568 1039 2637 superiore
1077 2584 1171 2622 tarn
1209 2572 1386 2621 curiose
1423 2573 1726 2639 scripserunt,
1783 2585 1834 2626 ut
1887 2573 2028 2624 etiam
2067 2572 2120 2620 ad
2157 2583 2328 2620 terram

345 2632 557 2682 Gnosiam
597 2636 643 2682 8<
679 2654 840 2701 aquam
882 2641 1052 2690 Iuliam
1092 2644 1433 2691 memorandam
1469 2642 1624 2693 stilum
1661 2642 1958 2694 demitterent
1988 2679 2003 2704 ‚
2045 2641 2222 2691 nullam
2259 2652 2328 2688 ta·

340 2715 446 2748 men
485 2702 551 2749 ibi
586 2704 641 2751 de
680 2707 798 2754 colle
834 2709 1109 2777 Leucogaeo
1145 2709 1432 2760 mentionem
1468 2710 1764 2761 adiecerunt?

478 2772 653 2821 LXIII
691 2775 817 2822 Haec
854 2777 1040 2829 demum
1080 2778 1216 2828 tertia
1255 2779 1507 2829 Osiaviani
1543 2780 1635 2830 iam
1676 2780 1871 2848 Augusti
1919 2777 2134 2849 appellati
2171 2775 2233 2824 est
2265 2774 2330 2824 as·

352 2832 572 2901 fignatio,
609 2858 633 2887 a
669 2859 756 2906 qua
792 2846 937 2896 nostra
974 2847 1153 2897 colonia
1189 2866 1249 2897 ex
1285 2850 1329 2895 S.
1366 2850 1424 2896 C.
1461 2851 1692 2916 Augustae
1728 2864 1982 2916 cognomen
2018 2849 2079 2897 est
2114 2843 2327 2894 assecurat

351 2906 473 2966 quod
511 2925 801 2974 cognomen,
839 2915 910 2963 uti
949 2916 1150 2967 dicebam
1176 2953 1190 2975 ,
1222 2917 1385 2982 absque
1423 2917 1510 2965 hoc
1548 2918 1877 2984 amphitheatri
1915 2918 2052 2966 nostri
2089 2915 2231 2964 titulo
2265 2913 2329 2961 ef-

344 2971 437 3030 set,
478 2976 619 3028 adhuc
657 2978 973 3044 ignoraretur.
1043 2989 1108 3035 Et
1144 3004 1250 3034 cum
1289 2988 1541 3054 superiores
1576 2989 1689 3038 duae
1723 2987 1777 3036 ab
1814 2987 2074 3038 Offiaviano
2108 2980 2325 3034 deduRae

343 3042 552 3094 coloniae
593 3045 825 3102 militares
859 3051 1048 3104 fuissent
1081 3072 1093 3105 ε
1149 3054 1284 3108 tertia
1318 3056 1595 3109 militarisne
1617 3093 1631 3119 ,
1691 3075 1748 3108 an
1785 3055 1940 3108 civilis
1975 3055 2116 3107 fuerit
2140 3089 2156 3115 ,
2203 3049 2328 3099 haud

2262 3116 2329 3169 fa·
