2622 3522
354 201 429 247 60
952 202 1752 254 CApvrPanva,

356 267 598 314 lateritiam
635 267 850 330 accepz’ffifft
880 304 890 323 ‚
928 269 1033 332 quis
1071 269 1156 316 hoc
1193 269 1304 317 serat
1336 288 1470 334 prope
1509 272 1712 320 ducentis
1753 281 1854 319 ante
1889 268 2081 336 Augusti
2128 288 2318 336 regnum

355 335 479 381 annis
514 347 658 381 tantae
690 334 1053 400 magnificentiae
1087 340 1256 384 molem
1290 355 1589 386 marmoream
1634 342 1814 404 Capuae
1853 339 2048 387 construi
2089 339 2278 403 potuiffe
2312 338 2335 385 ἓ·

355 405 553 450 Demum
594 421 696 450 cum
716 406 971 451 Romanum
1009 405 1575 469 amphitheatrum,cuius
1613 408 1811 455 nostrum
1849 409 1975 471 plane
1996 407 2231 472 geminum
2277 423 2328 452 ac

351 488 614 533 germanum
657 469 829 518 dixeris
853 508 867 529 ,
904 471 956 519 fit
994 473 1098 520 Titi
1140 474 1438 538 imperatoris
1470 491 1581 538 opus
1619 473 2019 540 (seu‚Peregrinii
2061 493 2164 539 pace
2201 473 2328 520 dixe-

351 538 441 583 rim
484 574 495 593 ‚
538 537 684 586 verius
723 540 981 604 Vespasiani
1035 542 1153 606 quod
1213 543 1355 606 postea
1391 542 1531 590 Titus
1571 542 1796 590 dedicavit
1828 545 1845 608 )
1873 560 1961 589 non
1993 543 2049 590 est
2085 541 2332 589 verisimile

353 607 637 668 Campanum
667 619 770 654 ante
808 620 1032 656 trecentos
1057 627 1196 656 annos
1235 609 1455 657 exstitiffe
1487 647 1497 658 .
1541 614 1699 674 Atque
1734 611 1840 659 haec
1885 610 1982 658 sunt
2025 627 2136 675 quae
2173 610 2330 656 virum

351 673 534 720 «loetum
586 673 632 721 in
686 693 783 722 eam
823 675 1088 724 sententiam
1127 677 1412 742 impulerunt
1446 715 1458 736 ,
1496 691 1547 726 ut
1579 679 1630 726 ad
1670 679 1927 742 Campanae
1955 678 2163 725 coloniae
2191 714 2202 733 ,
2240 692 2331 723 non

351 757 460 787 vero
495 740 622 789 illius
659 743 827 791 veteris
864 744 982 809 reip„
1010 757 1218 808 tempora
1249 747 1448 793 nostrum
1473 746 1857 811 amphitheatrum
1895 746 2102 793 reiiceret
2127 782 2137 792 .
2176 744 2278 806 Qui
2303 743 2334 791 si

352 808 548 857 eiusdem
587 811 737 874 operis
787 812 977 860 titulum
1025 812 1221 860 delibare
1268 815 1415 862 oculis
1455 815 1667 882 potuiffet
1704 852 1717 874 ‚
1764 833 1844 862 nae
1881 814 1919 862 is
1956 813 2166 863 maximo
2195 828 2332 876 opere

352 877 402 924 in
432 876 506 924 sua
542 878 619 924 sibi
655 879 873 928 sententia
912 880 1179 944 placuisset.

491 948 702 995 XCVIII
734 947 865 996 Mihi
907 966 1013 995 vero
1050 949 1127 996 etsi
1166 949 1417 1016 Peregrinii
1459 951 1677 1000 sententia
1716 950 1847 999 uni-ee
1884 950 2023 999 sedet:
2053 962 2201 997 tamen
2241 966 2333 996 non

350 1015 551 1061 multum
591 1015 644 1062 ad
681 1033 776 1063 eam
816 1016 1201 1065 demonstrandam
1243 1018 1357 1066 hunc
1397 1019 1586 1068 titulum
1627 1021 1776 1068 valere
1813 1019 2173 1067 arbitr01·.Nam
2199 1017 2337 1066 etiam

350 1081 380 1128 fi
421 1093 550 1129 vetus
585 1083 665 1131 illa
704 1085 846 1131 nostra
881 1085 990 1149 resp.
1027 1104 1125 1134 eam
1167 1090 1334 1134 molem
1374 1089 1643 1138 excitasset:
1684 1101 1832 1139 tamen
1871 1124 1884 1145 ‚
1922 1105 2026 1135 cum
2068 1085 2142 1134 sub
2180 1089 2335 1133 Anto-

350 1149 461 1198 nino
501 1150 707 1216 princi-pe
746 1153 851 1200 haec
890 1152 1133 1219 inscriptio
1173 1170 1448 1219 poneretur,
1487 1175 1575 1204 non
1612 1156 1703 1204 alio
1741 1156 1926 1205 nomine
1964 1157 2122 1220 Capua
2148 1192 2160 1213 ,
2197 1171 2338 1220 quam

349 1220 530 1266 Colonia
568 1221 688 1266 Iulia
727 1223 856 1268 Felix
890 1227 1027 1286 Aug.
1060 1224 1269 1271 consueta
1308 1242 1358 1272 ac
1396 1225 1588 1273 naturali
1644 1225 1837 1290 quadam
1889 1223 2216 1288 anticipatione
2255 1239 2334 1269 vo-

347 1285 444 1333 cari
481 1287 835 1351 potuisset.Sed
875 1302 1027 1338 tamen
1065 1308 1168 1338 cum
1209 1294 1381 1340 Romae
1419 1293 1637 1341 omnium
1672 1293 1875 1358 princeps
1912 1292 2125 1340 Statilius
2151 1295 2336 1339 Taurus

349 1354 551 1419 Augusti
588 1372 696 1405 aevo
732 1356 885 1405 stabile
923 1375 972 1405 ac
1012 1359 1270 1408 mansurum
1311 1361 1697 1425 amphitheatrum
1741 1360 1980 1424 posui-sset:
2003 1361 2199 1408 nostrum
2243 1376 2335 1406 non

352 1423 496 1486 potest
533 1427 585 1473 ad
623 1424 851 1489 superiora
888 1425 969 1474 illa
1007 1439 1214 1492 tempora
1262 1428 1361 1475 iure
1413 1429 1640 1477 amandari
1684 1466 1694 1477 .
1735 1431 1891 1477 Taceo
1927 1429 2047 1493 quod
2085 1428 2338 1493 septimum

353 1489 446 1537 iam
487 1491 605 1541 hunc
642 1495 688 1540 3<
723 1494 918 1559 amplius
967 1513 1274 1561 annumhcum
1313 1497 1494 1563 Capuae
1531 1499 1628 1546 iure
1663 1497 1870 1545 dicundo
1903 1496 2122 1564 praeesset
2160 1501 2330 1552 Comes

353 1560 579 1609 Xaverius
618 1562 834 1610 Pansutus
871 1562 918 1610 in
957 1563 1278 1627 Neapolitano»
1307 1564 1455 1613 senatu
1499 1566 1635 1630 Regis
1675 1565 1815 1613 nostri.
1850 1583 1873 1612 a
1910 1564 2135 1623 consiliis,
2164 1564 2235 1612 vir
2272 1582 2338 1611 sa-

352 1643 410 1674 ne
448 1647 582 1693 quam
620 1630 947 1679 eruditiffimus
988 1668 1001 1689 ‚
1040 1634 1085 1680 δε
1121 1645 1194 1679 tot
1249 1633 1342 1681 iam
1393 1634 1686 1683 nobiliffimis
1735 1652 1759 1681 a
1794 1633 1834 1682 se
1872 1633 2056 1697 scriptis
2092 1631 2337 1698 tragoediis

352 1712 588 1762 nunquam
627 1697 988 1747 intermorituris
1024 1699 1338 1769 clariffimus3
1377 1702 1570 1750 memini
1620 1721 1690 1750 me
1741 1701 1966 1750 audivisse
2004 1701 2056 1749 ab
2095 1720 2148 1749 eo
2178 1738 2190 1759 ,
2228 1718 2335 1748 cum

354 1763 528 1812 diceret
575 1764 697 1813 inter
733 1770 970 1833 anaglypta
1007 1786 1030 1816 e
1067 1769 1302 1817 ruderibus
1342 1770 1663 1836 amphitheatri
1701 1784 1826 1818 eruta
1865 1770 1984 1818 visas·
2017 1788 2199 1835 quoque
2236 1782 2338 1816 tum

351 1831 492 1881 fuisse
532 1837 758 1883 Romanas
795 1836 991 1902 aquilas:
1028 1838 1155 1901 quod*
1185 1853 1455 1904 argumento
1493 1840 1605 1887 esset.
1643 1857 1719 1906 per
1756 1851 1960 1903 tempora
2000 1838 2200 1886 extrueti
2241 1856 2340 1885 am-

351 1901 602 1966 phitheatri
639 1909 846 1970 Capuam
886 1907 1098 1954 Romano
1151 1905 1353 1972 imperio
1403 1908 1597 1974 paruisse
1628 1943 1640 1955 .
1692 1909 1776 1954 Sed
1811 1906 2093 1973 argumentis
2148 1924 2245 1953 nonv
2277 1906 2337 1954 est

353 1986 498 2035 opus,
535 1990 638 2020 cum
678 1991 745 2021 res
781 1973 874 2037 ipsa
911 1992 1048 2040 prope
1087 1975 1178 2022 iam
1217 1976 1456 2035 clamitet,
1483 1989 1657 2025 tantam
1697 1978 1870 2024 molem
1906 1994 2005 2024 non.
2035 1974 2140 2024 aliis
2177 1973 2335 2022 attolli

344 2040 640 2103 ,temporibus
677 2042 873 2105 potuisse
911 2078 924 2090 .
961 2047 1021 2090 Et
1079 2062 1354 2108 quamquam
1390 2081 1402 2102 ,
1442 2057 1492 2092 ut
1544 2046 1684 2092 fatear
1709 2081 1722 2102 ,
1772 2045 1851 2092 illa
1889 2043 2185 2109 gladiatoriae
2225 2043 2335 2090 artis

355 2107 553 2155 efferitas
587 2110 769 2173 Capuae
806 2108 961 2167 inulto*
992 2111 1082 2159 fuit
1118 2130 1253 2176 quam
1294 2115 1472 2160 Romae*
1503 2113 1753 2169 vetustior,
1792 2112 1862 2160 uti
1901 2112 2111 2176 deinceps
2149 2111 2336 2158 demon-

354 2174 567 2224 strabitur
599 2195 608 2223 ε
652 2177 984 2241 amphitheatra
1021 2193 1171 2228 tamen
1213 2198 1300 2227 non
1353 2181 1517 2230 habent
1560 2199 1710 2246 parem
1748 2199 1854 2228 cum
1893 2179 2223 2245 gladiatoribus
2261 2190 2337 2228 aut

353 2245 598 2291 venatione
634 2246 957 2312 antiquitatem
997 2248 1100 2313 (35)
1135 2266 1145 2295 :
1185 2251 1230 2296 8(
1268 2267 1376 2296 cum.
1416 2250 1616 2313 primum
1657 2249 1756 2296 fieri
1796 2262 2073 2314 coeperunt,
2098 2247 2247 2312 lignea
2285 2265 2336 2295 ae

353 2312 627 2376 temporaria
663 2331 767 2363 ante
805 2315 1041 2362 Statilium
1100 2317 1426 2365 extruebantur
1462 2353 1477 2364 ,γ
1510 2323 1578 2366 Ac
1607 2319 1796 2366 demum
1833 2317 1881 2364 in
1923 2317 2053 2365 circo·
2088 2329 2167 2364 aut
2222 2314 2337 2364 alibi
2382 2356 2385 2358 .

354 2379 472 2427 olim
511 2382 582 2427 edi
631 2400 815 2430 munera
849 2384 1129 2433 consuevisse
1164 2403 1231 2433 res
1268 2385 1324 2433 est
1354 2385 1583 2434 notiffima
1606 2421 1618 2433 .

494 2450 653 2497 XCIX
691 2451 767 2499 Est
817 2451 902 2498 hoe
940 2451 1085 2518 igitur
1142 2453 1424 2504 veriffimum
1452 2491 1466 2514 ,
1501 2454 1587 2504 hoc
1624 2453 1743 2521 quod
1789 2453 1931 2502 adhuc
1969 2471 2072 2502 cum
2112 2450 2333 2519 temporis

2245 2521 2344 2568 eda-

1371 2614 1491 2658 bium,
1518 2614 1596 2650 inde
1619 2639 1632 2659 ,
1668 2625 1732 2659 qua
1758 2626 1847 2650 mare
1873 2613 2101 2658 praetenditur
2127 2638 2137 2657 ,
2173 2611 2343 2649 montium

1370 2661 1450 2695 idest
1476 2661 1595 2696 theatri
1637 2671 1759 2695 cornua
1799 2661 2008 2695 discedunt:
2045 2671 2129 2705 quae
2167 2659 2341 2692 interiacet

1370 2709 1531 2750 planities
1561 2731 1568 2742 -,
1592 2707 1681 2752 quafi
1706 2719 1807 2741 cavea
1834 2708 1981 2741 latiffime
2008 2707 2037 2740 se
2064 2705 2219 2739 diffundit
2246 2728 2254 2737 .
2296 2706 2342 2736 Et

1368 2753 1532 2788 familiare
1558 2753 1601 2786 est
1628 2753 1837 2797 scriptoribus
1863 2755 2030 2787 montium
2055 2751 2268 2785 semilunares
2287 2761 2341 2780 or.

1372 2799 1427 2833 bes
1452 2810 1526 2833 cum
1553 2799 1689 2832 theatris
1714 2799 1867 2833 conferre
1884 2823 1892 2831 .
1918 2799 2052 2832 Tacitus
2077 2807 2141 2830 x11
2168 2807 2219 2828 an.
2237 2797 2341 2828 Mon-

380 2606 490 2660 ·(3⁶)
513 2609 670 2652 Polybius
704 2610 751 2645 lib
790 2622 851 2648 11¹
893 2610 933 2645 de
960 2614 1142 2657 Campania
1183 2615 1323 2660 loquens

358 2663 406 2688 ait
431 2667 439 2688 ;
470 2659 589 2697 Igitur
616 2661 653 2689 in
682 2661 738 2692 hos
765 2670 897 2703 campos
921 2680 932 2697 ‚
959 2662 1059 2694 velue
1086 2663 1123 2693 in
1149 2664 1322 2697 theatrum

355 2696 529 2743 quo‘ddam
569 2703 764 2742 descensuri
802 2706 1111 2747 carthaginienses
1136 2731 1146 2745 ,
1186 2708 1321 2742 εαηὲῖὶη

354 2746 637 2789 Ρενεεννεῖ.ἔίνινὶ
662 2750 873 2784 videbantur
914 2755 989 2792 Quo
1017 2751 1090 2784 loco
1114 2751 1254 2787 allufum
1280 2754 1321 2787 ad

356 2801 482 2834 pugnas
509 2794 542 2824 in
569 2795 818 2836 amphitheatris
843 2795 964 2830 conseri
993 2796 1102 2830 solitas
1129 2823 1139 2837 ,
1175 2799 1206 2831 &
1233 2800 1324 2833 thea-

359 2843 448 2870 trum
466 2841 592 2872 Graeco
618 2851 708 2872 more
735 2852 792 2884 pro
817 2841 1060 2884 amphitheatro
1086 2845 1225 2886 positum
1244 2857 1325 2879 con-

361 2881 432 2914 iicit
460 2884 668 2925 Pereat-iuius
710 2885 743 2919 in
770 2890 884 2931 camp.
913 2887 984 2921 Fel.
1008 2899 1040 2930 p.
1069 2900 1143 2930 117.
1185 2890 1248 2924 Sed
1284 2903 1328 2926 an

362 2928 496 2969 Polybii
521 2941 604 2964 aevo
628 2931 871 2975 amphitheatra
896 2932 1086 2967 exsisterent
1112 2936 1327 2970 vehementer

362 2972 480 3024 dpbito
505 2999 512 3007 .
553 2977 679 3010 Deinde
705 2980 792 3022 quod
817 2978 939 3012 ibidem
967 2980 1018 3012 vir
1043 2980 1158 3014 doctus
1185 2985 1325 3026 Campa-

362 3029 438 3052 mae
465 3020 600 3063 speciem
626 3023 869 3064 amphitheatro
905 3024 1059 3059 affimilat
1086 3048 1096 3066 ‚
1137 3037 1253 3061 vereor
1290 3036 1325 3061 ut

362 3062 461 3106 longe
489 3068 611 3108 verius,
628 3070 728 3103 etiam
755 3082 795 3104 ex
822 3080 933 3104 mente
959 3069 1113 3113 Polym,
1139 3081 1215 3107 eum
1232 3073 1324 3106 thea-

361 3115 414 3142 tro
441 3111 477 3144 fit
502 3115 723 3157 comparanda
750 3116 929 3159 Campania
955 3128 965 3160 3
1000 3127 1100 3168 quflm
1126 3115 1203 3155 hine
1228 3129 1322 3153 mon-

357 3160 407 3189 tes
432 3157 468 3192 in
491 3160 727 3199 leunilunarem
753 3161 867 3201 orbem
891 3163 1080 3210 θεκτρικωι
1095 3163 1228 3201 cuneati
1251 3174 1322 3211 amq

1372 2849 1462 2880 tium
1491 2846 1590 2879 edita
1618 2847 1656 2877 in
1682 2846 1821 2879 modum
1842 2846 2003 2885 theatrig.
2030 2844 2156 2876 Plinius
2177 2851 2226 2891 ,ιν
2252 2864 2263 2881 ‚
2288 2841 2308 2872 8
2325 2852 2340 2876 .-

1376 2895 1514 2926 Montes
1541 2892 1673 2925 theam·
1698 2891 1794 2924 modo
1822 2891 1969 2927 inflexi.
1997 2888 2135 2923 Iustinus
2162 2884 2342 2921 hb.xxxv:

1377 2938 1498 2970 Media
1519 2937 1605 2976 saxi
1630 2943 1728 2979 rupes
1767 2939 1804 2967 in
1839 2934 1985 2975 formam
2011 2934 2145 2968 theatri
2171 2930 2302 2974 rec-effic
2328 2956 2339 2966 .

1375 2981 1514 3014 Parnaffi
1539 2981 1624 3013 latus
1643 3003 1654 3021 ‚
1681 2979 1733 3013 ubi
1761 2981 1928 3024 Apollinis
1952 2979 2123 3013 oraculum
2140 3002 2150 3018 ‚
2167 2977 2344 3028 θεατροξι-

1373 3025 1425 3062 ἒκὲς
1451 3026 1603 3059 Straboni
1631 3025 1687 3058 lib.
1716 3037 1755 3059 11
1780 3026 1900 3060 dicitur
1918 3045 1927 3055 -
1954 3029 2068 3067 Longe
2093 3023 2157 3057 alia
2182 3022 2227 3056 est
2252 3030 2339 3075 ratio

1374 3071 1498 3105 montis
1517 3096 1527 3113 ‚
1551 3082 1652 3116 quem
1677 3071 1921 3116 amphitheatro
1947 3077 2113 3114 comparat
2140 3068 2226 3102 Dio:
2252 3082 2336 3109 ωςε,

1371 3117 1481 3174 ῙΡΨᾸΙΠ
1496 3140 1508 3157 ς
1532 3115 1726 3163 κυνηγετόκᾷ
1748 3115 1871 3166 (ἱεοίἾῳ
1898 3115 1939 3159 τδ
1965 3115 2050 3165 ἒρῦν-
2074 3109 2213 3162 ruffini»
2227 3138 2237 3152 ι
2260 3136 2272 3153 ι
2295 3138 2306 3150 .
2328 3135 2342 3148 ·

1373 3177 1533 3207 εουιενκι.
