2622 3522
658 179 752 228 DE
800 176 1143 228 CAMPANA
1199 177 1402 224 Pmr.
1457 192 1537 226 ET
1591 177 1833 226 Pasa-F.
2184 191 2246 239 57

257 248 598 299 BLICAVIT.
657 248 826 294 Eadem
869 261 966 308 pag.
1005 262 1046 290 n.
1087 261 1111 307 3
1148 261 1157 290 :
1195 245 1474 292 CAESAR.
1512 247 1666 292 AVG.
1704 280 1715 292 .
1754 283 1763 295 .
1808 281 1817 290 .
1856 282 1866 293 .
1910 246 1969 291 A.
2008 245 2239 291 PRIVA-

248 320 361 365 TO.
400 319 487 365 IN.
528 314 886 362 PVBLICVM.
932 312 1312 358 RESTITVIT.
1343 313 1434 358 -&c.
1496 312 1663 360 Rursus
1700 330 1744 378 p.
1785 316 1877 377 187
1916 349 1924 366 2
1966 330 2025 375 9:
2083 315 2236 359 CAH.

245 386 387 432 SAR.
428 383 789 430 AVGVSTVS.
830 382 928 427 EX.
967 381 1011 426 S.
1050 380 1105 425 C.
1147 382 1194 426 P.
1224 381 1421 428 CCXL.
1458 380 1505 427 Si
1545 394 1673 428 extra
1722 397 1831 427 vero
1877 398 1970 426 rem
2021 380 2234 426 termina«

243 454 334 499 lem
376 452 516 498 velim
557 465 826 504 excurrere,
868 445 1078 494 infinitus
1117 445 1195 494 firn
1232 465 1242 494 ε
1284 464 1429 511 neque
1458 448 1593 494 enim
1627 448 1868 496 Caesarem
1912 447 2059 495 filium
2104 450 2232 495 IMP.

241 520 605 568 CAESAR-EM
647 517 736 563 line
775 516 867 563 alio
907 515 1222 562 additamento
1260 527 1572 581 nuncupatum
1632 516 1723 581 legi
1759 553 1772 571 ,
1804 515 1888 562 :nisi
1929 515 1973 560 in
2013 515 2231 580 longior}-

240 587 322 635 bus
359 585 551 650 elogiis,
575 584 622 631 in
659 584 824 648 quihus
865 582 942 629 ubi
985 583 1119 629 semel
1162 585 1291 630 IMP.
1321 584 1593 630 CAESAR.
1628 585 1789 629 DIVI.
1828 586 1875 629 F.
1912 597 1988 630 aut
2027 585 2114 630 tale
2152 584 2229 629 alt«

242 652 353 718 quid
391 653 582 714 politum
621 651 745 710 fuit,
783 651 926 716 postea
963 649 1122 705 σῖπλῶς
1158 653 1418 699 'CAESAR
1457 654 1740 715 appellatur.

389 721 473 766 XC
512 719 696 767 Adhaec
736 736 791 766 ex
830 718 977 766 tribus
1017 717 1101 764 huc
1141 719 1192 765 ab
1235 718 1434 766 ORavio
1471 718 1707 783 adscriptis
1740 717 2227 782 -coloniisilla,quatn

245 787 455 836 Velleius
493 787 666 851 aliique
696 786 905 834 referunt
939 784 1035 850 post
1071 788 1173 833 Sex.
1223 785 1498 851 Pompeium
1552 786 1804 852 superatum
1841 823 1853 844 ,
1892 785 1980 833 fuit
2016 787 2229 833 omnium

233 855 561 904 celeberrima:
600 858 645 903 ὃς
691 868 844 902 tamen
885 851 1096 901 Velleius
1133 855 1315 902 coloniae
1344 854 1692 917 supplementum
1730 856 1927 919 appellat
1956 890 1966 900 .
2006 853 2228 901 Subdubi-

239 936 291 971 to
329 937 512 982 autem,
548 941 602 972 an
642 923 689 970 in
726 921 992 970 huiusmodi
1033 920 1356 987 supplementis
1379 922 1609 971 sollemnis
1648 923 1727 970 ille
1765 923 1819 969 ab
1865 920 2068 970 Etruscis
2104 939 2230 969 acce»-

241 1004 346 1056 ptus
403 992 519 1039 ritus
558 1006 756 1039 aratrum
796 989 1161 1049 circumducendi
1218 1002 1532 1056 perageretur.
1569 994 1628 1038 Et
1675 989 1774 1037 Cic.
1816 989 1936 1036 Phil.
1975 1008 2001 1039 2
2032 1027 2043 1047 ,
2082 1008 2123 1036 n.
2160 1007 2226 1050 40

242 1059 423 1107 videtur
461 1059 741 1108 contrariu-m
784 1057 991 1115 suadere,
1027 1075 1129 1104 nam
1171 1076 1273 1105 cum
1313 1071 1439 1104 antea
1477 1058 1697 1106 docuisset
1735 1057 1927 1121 potuiss'e
1965 1057 2111 1105 solum
2151 1075 2231 1104 no-

242 1145 327 1174 vos
366 1130 553 1176 colonos
593 1127 846 1175 Cafilinum
884 1124 1038 1172 induci
1082 1162 1093 1183 ‚
1130 1143 1222 1189 quo
1260 1125 1405 1172 fuerat
1444 1138 1547 1172 ante
1585 1125 1807 1189 adscripta
1846 1124 2031 1172 colonia
2069 1143 2085 1191 3
2134 1137 2235 1172 tum

244 1195 530 1259 reprehendit
565 1192 992 1257 Antonium,qu0d
1029 1206 1227 1241 aratrum
1267 1192 1647 1243 c-ircumduxiffet
1686 1195 1771 1241 &c.
1808 1195 2102 1260 Quamquam
2144 1193 2231 1240 hoe

245 1263 363 1311 nihil
404 1281 558 1311 moror
581 1298 591 1311 .

380 1333 498 1379 XCI
537 1335 710 1379 Vereor
748 1324 917 1397 igitur,
940 1342 989 1379 ut
1026 1330 1077 1378 ad
1114 1329 1352 1381 Caesarem
1389 1342 1565 1398 patrem
1608 1330 1644 1379 ii
1685 1328 1870 1380 termini
1913 1330 2057 1396 magis
2094 1348 2230 1395 appo=

241 1401 320 1449 fite
358 1400 564 1448 revocari
606 1399 770 1464 poffint
794 1435 803 1445 .
844 1399 1124 1447 Etfi'a11·tem
1166 1401 1213 1447 in
1253 1400 1330 1447 hac
1371 1418 1416 1448 re
1456 1400 1700 1447 hominum
1744 1398 1912 1456 iudicia
1951 1399 2227 1447 reformido:

242 1469 389 1517 dicam
431 1481 617 1525 tamen,
657 1485 770 1532 quae
809 1467 836 1514 si
877 1469 1026 1515 minus
1066 1468 1110 1515 id
1148 1467 1386 1525 suadeant,
1424 1481 1468 1515 at
1505 1468 1838 1515 dubitationem
1879 1480 2031 1515 tamen
2068 1466 2226 1514 iniici·

243 1549 321 1585 ant
347 1573 358 1594 ,
396 1536 592 1599 dentque
630 1534 779 1583 ansam
820 1536 1020 1600 amplius
1057 1536 1311 1601 cogitandi.
1352 1539 1424 1583 Ac
1465 1536 1668 1600 primum
1692 1553 1835 1595 ‚rcum
1872 1554 1949 1583 eos
1987 1534 2144 1599 cippos
2182 1535 2230 1581 in

242 1605 417 1652 vicinia
457 1616 656 1666 repertos
692 1603 938 1652 coniiciam
974 1606 1157 1668 (neque
1193 1604 1315 1651 enim
1357 1604 1553 1653 arbitror
1604 1604 1798 1653 maiores
1845 1604 2015 1652 nostros
2069 1602 2229 1650 harum

234 1690 387 1720 rerum
428 1671 619 1718 minime
657 1672 856 1720 curiosos
897 1672 1085 1720 voluiffe
1121 1685 1212 1719 tam
1249 1673 1436 1738 grandes
1473 1672 1641 1738 lapides
1679 1690 1702 1719 e
1740 1671 1998 1737 longinquo
2034 1670 2227 1719 domum

240 1744 566 1804 comportare)
607 1740 803 1804 perticae
843 1742 995 1804 potius
1033 1740 1142 1788 idest
1180 1741 1352 1804 primae
1389 1740 1700 1806 aflignationis
1739 1740 1933 1797 Iuliae,
1971 1756 2111 1803 quam
2149 1739 2235 1787 ali-

242 1808 373 1856 cuius
413 1808 711 1872 praefefflurae
749 1810 802 1856 ab
855 1808 1059 1856 Οὸῒςινίο
1107 1808 1343 1856 adiun6³cae
1397 1811 1619 1857 terminos
1672 1826 1748 1855 eos
1804 1807 1932 1856 fuifl'e
1980 1807 2181 1871 suspicor
2216 1841 2229 1856 .

243 1879 371 1926 Tum
411 1876 456 1924 hi
486 1889 585 1924 >tam
626 1877 798 1925 curiase
836 1877 1043 1942 inscripti
1079 1878 1268 1925 termini
1308 1877 1392 1924 vix
1427 1879 1565 1926 aliam
1603 1875 1950 1935 deduffionem,
1988 1893 2127 1941 quam
2167 1876 2224 1924 il·

239 1946 331 1993 lam
371 1944 710 1992 celeberrimam
750 1945 932 1993 au&ore
969 1947 1025 1992 C.
1063 1945 1188 1993 Iulio
1224 1947 1429 1993 redolent
1463 1982 1474 1993 .

372 2015 508 2060 'XCII
551 2017 811 2071 Praeterea,
836 2032 939 2061 cum
977 2025 1107 2061 extra
1146 2013 1495 2063 controversiam
1536 2013 1587 2062 sit
1625 2015 1683 2063 ob
1721 2016 1878 2063 allatas
1915 2012 2042 2079 supra
2081 2012 2224 2061 ratio-

237 2099 315 2130 nes
354 2117 365 2137 ,
405 2080 675 2129 Frontinum
714 2085 766 2129 de
795 2081 922 2130 iul-{a
980 2081 1251 2130 dedufflione
1308 2084 1515 2131 locutum
1567 2120 1580 2142 ,
1616 2101 1720 2132 cum
1761 2082 1826 2130 ait
1865 2084 2047 2129 IVSSV
2086 2083 2230 2129 IMP.

235 2151 555 2198 CAESARIS
593 2152 677 2197 &c.
716 2168 828 2215 quae
867 2150 1011 2199 cauffa
1040 2151 1275 2198 ‘Frontino
1313 2152 1403 2198 fuit
1442 2152 1737 2216 Imperatoris
1775 2167 2047 2216 praenomen
2102 2151 2221 2197 Cae-

236 2217 322 2266 sari
362 2217 562 2283 primum
604 2218 776 2266 consuli
818 2218 1079 2277 tribuendi,
1115 2218 1197 2266 nifi
1234 2219 1355 2283 quod
1393 2220 1444 2267 ad
1484 2221 1649 2268 nostras
1686 2221 1814 2267 hasce
1853 2217 2119 2284 epigraphas
2156 2234 2224 2264 re-

237 2284 430 2350 spiceret
469 2285 629 2333 iisdem
671 2288 799 2350 plane
837 2288 987 2335 verbis
1043 2287 1326 2352 conceptas?
1364 2287 1561 2352 Alioqui
1608 2326 1621 2347 ,
1660 2289 1687 2335 fi
1736 2300 1939 2335 accurate
1976 2287 2028 2333 de
2066 2284 2223 2350 primo

240 2353 440 2401 Caesaris
479 2353 708 2402 consulatu
750 2355 877 2419 loqui
905 2355 1127 2403 *voluisset
1162 2391 1174 2413 ‚
1210 2354 1323 2402 illud
1363 2358 1499 2404 IMP.
1537 2356 1580 2403 ei
1616 2349 1966 2421 expungendum
2017 2353 2171 2401 fuisset
2207 2387 2221 2401 .

239 2423 431 2472 Nostros
455 2460 467 2482 ‚
507 2422 637 2469 credo
661 2459 672 2480 ,
708 2424 930 2473 terminos
966 2423 1143 2471 viderat
1182 2459 1194 2481 ‚
1235 2423 1322 2470 sive
1360 2424 1411 2471 de
1448 2423 1507 2471 iis
1546 2424 1829 2473 inaudiverat
1867 2460 1883 2481 Α,
1921 2435 1997 2469 aut
2032 2421 2226 2469 omnino

237 2487 289 2537 in
326 2489 438 2553 reip.
466 2489 824 2540 'tabulariiseos
863 2494 1034 2556 legerat
1073 2489 1354 2539 Frontinus:
1381 2491 1564 2540 *idcirco
1602 2505 1805 2559 tempore
1844 2489 2058 2540 deduffiae
2096 2491 2226 2538 colo·

237 2556 340 2605 niae
378 2557 530 2622 susque
565 2559 709 2624 deque
748 2559 907 2608 habito
932 2597 945 2618 ,
984 2562 1119 2608 IMP.
1159 2560 1521 2609 CAESAREM
1561 2562 1724 2609 dixit:
1746 2561 1793 2608 in
1830 2578 1922 2626 quo
1961 2559 2131 2607 erravit
2168 2558 2224 2606 il-

240 2627 282 2672 le
318 2625 532 2689 quidem,
568 2644 672 2674 nam
714 2645 803 2674 non
841 2647 895 2675 eo
933 2628 1030 2692 ipso
1070 2640 1302 2694 tempore,
1342 2647 1433 2695 quo
1473 2630 1532 2678 est
1568 2630 1756 2678 (ie-dueia
1792 2628 1998 2685 colonia,
2021 2626 2090 2674 sed
2126 2627 2222 2691 post

236 2692 441 2741 confefila
495 2693 679 2742 demum
743 2696 859 2743 bella
915 2696 1074 2745 civilia
1130 2696 1261 2745 hosce
1320 2698 1548 2746 litteratos
1606 2697 1830 2746 terminos
1868 2698 2049 2744 IVSSV
2088 2696 2220 2742 IMP..

232 2762 552 2809 CAESARIS
591 2762 765 2810 defixos
802 2765 969 2812 necesse
1006 2765 1098 2823 est,
1137 2765 1164 2810 s1
1204 2765 1391 2829 quidem
1430 2767 1482 2814 ad
1518 2768 1574 2814 C.
1616 2771 1786 2815 Iulum]
1826 2783 1998 2830 patrem
2039 2781 2114 2811 eos
2151 2780 2218 2810 re-

231 2828 347 2876 ferre
383 2830 538 2877 lubet.
567 2834 687 2879 Nam
728 2831 804 2878 etfi
833 2832 1068 2880 Caesarem
1109 2833 1364 2881 Offiavium
1401 2835 1600 2882 nondum
1641 2834 1851 2899 adeptum
1891 2831 2217 2889 monarchiam,

232 2895 342 2944 idest
380 2896 543 2961 quinto
579 2898 677 2947 eius
715 2899 948 2948 consulatu
986 2904 1268 2966 Imperatoris
1310 2903 1601 2968 praenomine
1629 2904 1844 2951 donatum
1877 2900 2066 2949 invenio
2101 2899 2220 2964 apud

233 2967 371 3013 Grut.
410 2983 451 3030 p.
492 2969 616 3026 226,
656 2985 697 3014 n.
737 2983 760 3030 3
804 2970 849 3016 &
890 2969 934 3016 in
977 2970 1209 3034 aliquibus
1246 2970 1449 3019 nummis
1481 2976 1557 3018 M
1594 2972 1793 3019 Antorii
1840 2968 2049 3018 Ill-viri
2104 2966 2219 3032 apud

233 3031 565 3098 spanhemium
604 3035 775 3102 legitur
831 3038 970 3087 IMP.
1023 3041 1376 3089 ANTONIVS
1415 3058 1427 3089 ε
1467 3054 1617 3090 tamen
1643 3043 1697 3090 C.
1741 3039 1914 3088 Iulium
1953 3036 2104 3104 primo
2141 3035 2219 3083 suo

1343 3110 1394 3159 H
2111 3121 2218 3154 eon-
