2622 3522
706 219 784 265 Dr,
814 226 1052 262 TEMPORE
1086 213 1350 260 Extare-n
1389 212 1793 261 Amrmrnmrm
1820 245 1829 257 .
2176 223 2237 274 59

257 284 464 337 coloniae
503 322 516 345 ,
553 286 598 334 8<
632 286 660 334 fi
698 279 788 332 non
828 282 903 328 suo
954 282 1059 327 loco
1097 293 1230 344 atque
1290 292 1496 342 tempore
1532 315 1545 337 ‚
1584 296 1722 345 prope
1760 279 1919 326 iustam
1962 275 2230 324 historiam:

252 372 369 405 nunc
404 356 457 404 ad
489 355 576 403 alia
612 371 752 421 porro
789 366 1056 417 pergamus,
1079 349 1122 395 ὅ(
1157 348 1210 395 ad
1246 346 1624 412 amphitheatrici
1649 347 1779 395 tituli
1816 346 1944 394 filum
1973 346 2226 394 redeamus.

552 491 599 537 V
670 492 740 539 De
777 500 961 550 tempore
997 484 1189 533 extruat·
1222 484 1568 546 amphitheatri,
1607 485 1666 531 &¹
1703 483 1927 548 Campani

1032 553 1196 600 aerarii
1231 553 1444 601 viribus.

386 695 517 741 XCV
555 693 784 740 CAPVA
826 690 842 756 )
881 687 1034 738 Huius
1087 686 1294 735 nominis
1339 699 1433 736 tam
1484 689 1657 735 multae
1720 686 1820 735 sunt
1866 685 2235 751 originationes,

235 779 403 827 eaeque
441 762 495 808 fic
532 760 758 826 protritae
797 794 810 817 ,
848 770 898 805 ut
954 756 1117 804 frustra
1172 757 1252 804 fim
1291 755 1341 802 in
1379 757 1437 803 iis
1492 755 1770 804 referendis.
1811 754 2036 819 Equidem
2094 755 2235 802 habeo

236 847 349 894 quae
387 829 438 875 de
480 829 562 875 hoc
619 825 807 874 nornine
860 825 1089 873 sentiam:
1128 824 1195 872 sed
1239 823 1334 872 alio
1385 841 1434 872 ea
1486 826 1589 872 loco
1635 837 1768 890 atque
1819 839 2030 888 tempore
2064 857 2075 869 .
2115 826 2232 870 Nam

239 898 336 945 eius
371 895 643 944 clariffimae
684 894 841 952 urbis,
877 911 1017 958 quam
1060 896 1208 943 Roma
1246 892 1554 958 antiquiorem
1594 892 1802 941 Velleius
1834 889 2106 948 constituit,
2141 890 2235 937 ori*-

235 965 371 1030 gines
399 989 426 1024 ,⁴
453 964 716 1028 variamque
759 961 993 1010 fortunam
1024 997 1037 1019 ,
1073 962 1355 1026 omninoque
1393 979 1442 1008 ea
1478 979 1592 1025 quae
1630 959 1807 1008 litteris
1845 959 2017 1007 exstent
2052 994 2064 1016 ,
2104 976 2235 1023 pecu-

238 1032 340 1080 liari
364 1070 374 1089 ,
413 1050 461 1080 ac
499 1031 689 1097 seposito
727 1047 862 1095 opere
890 1066 903 1088 ‚
943 1031 971 1077 si
1012 1033 1136 1076 Deus
1173 1041 1338 1076 annuet
1362 1065 1375 1087 ,
1410 1028 1659 1093 complefi‘ti
1700 1029 1759 1075 est
1797 1026 2011 1074 animus:
2038 1028 2236 1091 quando-

239 1101 427 1166 quidem
467 1118 576 1165 quas
615 1097 833 1147 maximo
872 1097 1025 1144 labore
1061 1098 1106 1143 δε
1143 1095 1359 1144 industria
1393 1097 1470 1143 vir
1505 1098 1709 1143 summus
1755 1094 1985 1145 Camillus
2033 1094 2236 1159 Peregri-

236 1170 338 1218 nius
381 1167 635 1223 Alexandri
677 1170 729 1213 F.
766 1171 1022 1231 Campanas
1061 1163 1358 1229 antiquitates
1392 1164 1631 1229 digesserat
1662 1201 1675 1223 ‚
1714 1181 1784 1211 eas
1821 1162 2010 1229 peffimo
2048 1163 2255 1227 publico-

241 1236 392 1303 paucis
434 1249 535 1284 ante
572 1235 671 1282 eius
707 1233 890 1281 obitum
931 1232 1154 1280 mensibus
1191 1232 1313 1297 ignis
1351 1232 1588 1279 absumsit.

377 1303 548 1352 XCVI
587 1304 820 1367 FECtT)
846 1301 971 1349 Mira
1012 1314 1216 1348 veterum
1255 1301 1642 1365 epigrammatum
1682 1298 1917 1348 brevitas.
1943 1297 2069 1362 Quid
2108 1297 2230 1346 enim

237 1370 403 1422 neceffe
444 1371 535 1419 fuit
572 1371 715 1419 HOC
755 1371 1378 1419 AMPHITHEATRVM
1416 1369 1623 1435 expresse
1665 1369 1714 1416 in
1758 1366 2062 1433 inscriptione
2099 1384 2235 1432 pone-

239 1459 320 1489 re:
359 1456 480 1487 cum-
506 1457 554 1486 ea
593 1438 838 1504 epigraphe
875 1437 1162 1504 frontispitio
1200 1436 1350 1501 operis
1385 1437 1625 1502 imposita,
1664 1436 1769 1484 satis
1807 1454 1862 1483 ex
1903 1436 1998 1500 ipso
2037 1434 2243 1495 marmoss,

241 1510 303 1558 ris
341 1510 485 1573 positu
537 1508 744 1564 doceret,
783 1507 893 1572 quid
930 1508 1115 1554 demum
1159 1505 1274 1553 illud
1312 1506 1389 1563 fit,
1425 1506 1545 1571 quod
1582 1507 1811 1553 CAPVA
1852 1506 2046 1551 FECIT
2085 1510 2109 1550 ?
2147 1504 2222 1550 Sic

240 1579 332 1626 fere
371 1575 684 1641 inscriptiones
721 1592 911 1639 operum
952 1574 1242 1639 publicorum
1282 1586 1382 1621 tum
1420 1573 1789 1631 conscribebant,
1829 1574 2023 1620 FECIT
2068 1609 2080 1630 ,
2117 1573 2232 1619 CV·

240 1647 458 1695 RAVIT
500 1680 515 1702 ,
552 1656 628 1691 aut
667 1645 755 1690 tale
791 1641 966 1707 aliquid
1022 1643 1182 1690 dixisse
1244 1643 1478 1689 contenti.
1520 1645 1653 1690 Nunc
1705 1640 1982 1706 ineptissime
2034 1639 2239 1690 inculca·

240 1731 342 1762 mus
379 1711 490 1778 quid
529 1710 687 1760 fecerit
722 1748 735 1771 ‚
771 1714 817 1759 δε
858 1712 903 1759 id
943 1710 1090 1776 ipsum
1131 1729 1221 1758 non
1269 1709 1356 1757 fine
1404 1711 1577 1758 duobus
1625 1710 1828 1757 tribusve
1874 1708 2093 1773 epithetis
2132 1745 2144 1766 ,
2182 1709 2236 1756 de

243 1782 409 1847 quibus
467 1779 700 1828 veriffime
755 1779 933 1828 dixeris
989 1779 1109 1844 quod
1167 1779 1221 1825 de
1274 1778 1499 1826 librorum
1539 1777 1920 1844 inscriptionibus
1973 1776 2152 1825 Plinius
2189 1777 2238 1824 in

242 1850 377 1916 praef.
413 1848 596 1897 dixerat
623 1867 634 1896 :
673 1850 1010 1911 Inscripz‘iones,
1046 1862 1228 1911 propter·
1264 1867 1373 1912 quas
1404 1848 1707 1894 vadimonJum
1749 1846 1891 1905 deseri
1913 1847 2048 1910 poffet
2072 1881 2081 1892 .
2106 1844 2235 1906 Quid

237 1927 475 1967 columnae
513 1917 736 1965 Traianae
773 1917 1017 1982 epigraphe
1072 1917 1254 1964 brevius
1290 1916 1334 1962 ὃς
1373 1915 1642 1963 concinnius
1680 1922 1705 1961 ?
1758 1916 2081 1966 SENATVS.
2117 1917 2222 1962 PO-

243 1988 605 2046 PVLVSQVE.
670 1988 1014 2037 ROMANVS.
1069 1987 1187 2032 {MP
1191 2019 1402 2032 .....
1441 1986 1774 2035 TRAIANO.
1814 2019 1825 2030 .
1866 2018 1878 2030 .
1917 2018 1927 2029 .
1967 1985 2076 2030 AD.
2128 1985 2235 2029 DE-

240 2055 691 2102 CLARANDVM.
759 2055 1111 2115 QVANTAE.
1174 2054 1664 2100 ALTITVDINIS:
1704 2053 1910 2101 MONS.
1959 2053 2062 2099 ET.
2119 2051 2230 2098 LO-

237 2125 375 2171 CVS.
423 2124 680 2169 ΓᾹΝΓΙΞ.
719 2123 1046 2171 OPERIBVS.
1084 2122 1201 2169 SIT.
1239 2122 1547 2169 EGESTVS.·
1581 2122 1778 2168 Nullum
1821 2119 1895 2167 hic
1935 2119 1987 2166 de
2011 2119 2225 2166 columna

236 2209 291 2239 ne
330 2192 514 2237 veih-2³2
558 2191 740 2253 quidem
761 2192 783 2248 ‚''
809 2194 852 2239 S<
896 2203 1048 2237 tamen
1085 2188 1188 2236 satis
1229 2208 1295 2236 res
1333 2189 1427 2253 ipsa
1465 2189 1677 2254 loquitur
1713 2224 1725 2246 ‚
1767 2188 2034 2235 tantundem
2074 2186 2232 2248 altitu·

240 2260 361 2307 dinis
400 2275 571 2305 montis
610 2259 740 2306 suifl'e
776 2257 969 2325 egestum
999 2293 1012 2313 ‚
1050 2271 1266 2321 quantam
1306 2257 1602 2305 altitudinem
1639 2258 1854 2304 columna
1895 2255 1976 2303 illa
2013 2255 2230 2303 haberet.

379 2330 559 2373 xcvii
605 2326 786 2374 Exffistit
832 2342 981 2374 autern
1043 2325 1116 2371 hic
1169 2328 1368 2372 multum
1417 2339 1519 2372 ante
1560 2326 1638 2372 hac
1677 2343 1699 2371 a
1738 2323 1898 2371 nostris
1953 2322 2225 2371 hominibus

234 2395 398 2447 instita
437 2397 634 2460 qaae‘lio
671 2395 724 2442 de
759 2408 902 2443 aetate
943 2393 1075 2441 liuius
1113 2394 1311 2441 extr-usti
1350 2393 1849 2458 amphitheatri.Nam
1890 2393 2034 2456 vulgo
2071 2390 2227 2438 homi·-

242 2482 321 2513 nes
361 2463 570 2511 nostrates
608 2464 761 2528 operis
798 2463 1053 2526 stupendam
1094 2459 1481 2527 magnificentiam
1536 2460 1747 2509 demit-ati
1789 2498 1801 2518 ‚
1840 2460 1890 2507 ad
1931 2459 2010 2507 illa
2059 2458 2232 2524 potiffi-

244 2549 373 2580 mum
417 2546 620 2595 tempora
658 2532 753 2579 eius
792 2532 1053 2587 structuram
1095 2534 1352 2578 retulerunt
1378 2567 1390 2588 ‚
1429 2548 1531 2577 cum
1572 2533 1805 2593 Campana
1845 2527 1956 2593 resp.
1993 2546 2081 2574 non
2121 2527 2230 2575 dum

243 2594 560 2654 Romanunm
604 2600 764 2664 iugum
804 2601 1042 2665 accepisset
1070 2634 1080 2644 .
1119 2603 1325 2663 Eamque
1363 2598 1633 2647 sententiam
1673 2596 1765 2644 viri
1806 2596 2040 2644 clariffimi
2081 2598 2231 2643 Anto-

238 2672 342 2717 nius
383 2667 651 2715 Smfelicius
690 2669 737 2714 in
770 2668 1076 2734 descriptione
1114 2667 1397 2731 Campaniae
1431 2703 1442 2724 ‚
1492 2669 1536 2714 δε
1578 2670 1737 2714 Petrus
1777 2663 2033 2722 Lasena,in
2070 2681 2226 2729 gymn.

239 2740 385 2801 heap.
428 2749 525 2782 tunt
563 2736 902 2797 secuti.Quam
943 2736 1211 2801 opinionem
1251 2738 1403 2783 lumen
1442 2735 1557 2783 illud
1581 2736 1753 2782 nostrae
1779 2732 1950 2797 patriae
1991 2733 2228 2795 incompa-

239 2806 382 2863 rabile
421 2806 646 2851 (jamillus
688 2804 973 2869 Peregrinius
1011 2804 1058 2849 in
1096 2805 1316 2867 Campan.
1355 2805 1448 2851 Fel.
1489 2822 1528 2870 p.
1569 2819 1667 2868 723
1710 2801 1807 2849 iure
1847 2799 2016 2848 merito
2052 2798 2226 2847 refellit

239 2873 313 2920 his
354 2890 555 2920 numme
592 2873 645 2918 de
683 2873 840 2919 cauflis
871 2908 881 2919 .
925 2870 1132 2919 Primum
1170 2873 1290 2936 quod
1330 2870 1410 2936 qui
1451 2871 1506 2918 sic
1544 2881 1703 2936 putant
1743 2906 1756 2927 ‚
1792 2886 1947 2935 parum
1989 2866 2229 2933 magnifice

238 2941 291 2988 de
331 2944 559 3002 ‘Campana
597 2941 775 2986 colonia
815 2939 1186 2997 sentiunt,cuius
1223 2938 1531 2987 reflorescenti
1570 2938 1795 3004 splendori
1850 2936 2087 2993 Velleius,
2111 2938 2230 2983 Stra-

240 3010 330 3064 bo,
369 3009 542 3071 aliique
567 3009 816 3073 plurimum
859 3010 1089 3056 tribuunt.
1131 3009 1308 3055 Deinde
1346 3025 1451 3057 cum
1487 3007 1754 3073 Augustus,
1790 3004 1905 3053 teste·
1926 3004 2147 3052 Suetonio
2178 3003 2227 3049 in

239 3079 334 3125 eius
376 3080 470 3139 vita
505 3096 600 3144 cap.
637 3094 700 3142 29
730 3080 924 3135 Romam
960 3080 1051 3125 iure
1077 3077 1143 3134 stt
1169 3079 1392 3143 gloriatus
1428 3095 1710 3125 marmoream
1725 3077 1774 3136 se
1806 3074 2072 3139 relinquere,
2096 3089 2220 3137 quam

1282 3146 1333 3192 H
1404 3160 1432 3194 2
1894 3180 1897 3181 γ
2117 3142 2226 3186 late·
