2622 3522
794 213 823 265 I

158 366 160 369 v
235 353 324 382 curn
355 341 403 380 iis
433 340 549 380 etiam
580 337 1019 392 communicatum‚qui
1044 350 1131 390 pau-

233 395 356 435 ciores
389 394 554 440 alerent,
585 393 623 433 ib
667 394 751 434 imo
798 395 915 433 etiam
957 406 1045 433 curu
1077 392 1133 430 in-

236 447 407 488 fecundis
437 448 664 499 parentibus
695 477 706 495 ‚
735 449 787 488 ib.
823 462 919 503 quae
965 445 1134 501 praemia

244 503 332 542 inde
363 500 599 542 redundarint
627 532 639 551 ‚
682 502 731 542 ib.

182 556 384 598 luvenalis
416 554 626 596 illustratur
654 586 665 607 ,
696 557 746 607 87
775 585 788 605 ‚
819 555 858 595 ἃ
888 556 938 596 b:
970 551 1135 595 eiusdem

243 609 455 652 scholiastes
486 620 641 651 notatus
669 639 681 658 ‚
710 610 764 650 ib.
791 610 814 650 b
833 637 846 650 .

632 717 675 758 K

187 773 450 868 KAlendae
479 823 721 866 intercalares
751 823 842 878 quid
870 854 883 874 ,
935 827 1007 877 167
1037 855 1048 874 ‚
1074 823 1100 864 b
1127 839 1142 865 .-

240 878 424 972 galendae
452 877 697 921 intercalares
724 880 872 933 priores
908 881 1002 934 quid
1032 878 1145 933 figni-

271 943 358 974 cent
383 961 397 979 ,
429 933 480 972 ib.

185 986 408 1028 Kalendarii
437 998 631 1028 curatores
663 1017 674 1038 ,
705 988 770 1027 62.

187 1042 322 1082 Kardo
352 1040 390 1080 δι
419 1040 648 1082 decumanus
676 1039 773 1094 quid
791 1069 802 1088 ‚
831 1054 900 1094 43.

183 1093 410 1146 Καθιέρωσε
438 1095 483 1133 de
512 1095 669 1148 templis
688 1124 699 1143 ‚
729 1094 905 1139 aerianus
933 1094 978 1135 de
1023 1094 1098 1136 aris
1126 1124 1138 1146 ,

240 1149 351 1201 lignis
379 1178 391 1199 ‚
420 1147 562 1202 clypeis
592 1150 666 1190 &a
700 1162 747 1198 91
767 1181 780 1200 ‚
809 1163 857 1197 a,
888 1150 911 1189 b
930 1178 941 1198 ‚
975 1163 1037 1197 92-

185 1203 428 1253 Καθιέρωστς
455 1205 556 1257 apud
585 1204 757 1245 Graecos
800 1215 919 1258 quam
967 1202 1042 1244 late
1072 1214 1138 1258 pa·

245 1268 329 1300 teat
357 1287 372 1310 ,
407 1269 481 1310 109
509 1286 522 1310 ‚
558 1271 649 1300 110.

630 1365 668 1406 1.

180 1424 430 1516 LAboriae
458 1486 545 1529 pars
572 1472 655 1527 agri
684 1472 879 1530 Campani
900 1471 1138 1529 praestantis·

233 1530 324 1568 sima
354 1553 366 1571 2
393 1542 447 1579 44
475 1558 484 1574 .
517 1529 556 1568 b.

176 1582 424 1632 Lampridius
455 1582 664 1623 illustratur
683 1611 694 1631 ‚
724 1595 791 1634 9¹·

172 1635 353 1678 Landulfi
382 1638 542 1677 comitis
572 1648 731 1688 nepotes
746 1637 922 1688 Capuam
951 1648 1030 1688 quo
1058 1651 1127 1691 pa.

227 1691 291 1730 &o
319 1692 419 1731 inter
447 1690 481 1731 se
509 1691 732 1739 diviserint,
770 1703 839 1743 153
863 1720 873 1737 ‚
897 1696 998 1742 156:
1035 1689 1125 1731 schi-

231 1744 310 1784 sma
342 1746 445 1785 inter
489 1744 723 1786 Landulfum
772 1744 811 1784 &
842 1743 1130 1788 Landonulfum

231 1797 427 1851 episcopos
444 1824 455 1843 ‚
485 1799 535 1838 ib.

173 1853 290 1904 Lapis
321 1853 533 1905 auspicatus
561 1851 602 1892 in
631 1850 866 1906 templorum
899 1850 1127 1894 fundamen-

227 1918 266 1946 ta
293 1907 487 1947 coniec'ius
516 1936 528 1956 ‚
564 1907 635 1949 182
657 1936 669 1955 ,
698 1919 746 1946 a:
774 1906 862 1946 eius
894 1907 947 1946 rei
976 1908 1073 1948 ritus
1101 1923 1125 1950 a

226 1961 370 2001 Tacito
397 1961 608 2015 descriptus
638 1990 649 2010 ,
678 1960 732 2001 ib.

175 2014 320 2054 Lasena
349 2017 366 2066 (
398 2016 531 2055 Petrus
562 2017 605 2066 ),
644 2028 717 2066 159
745 2044 757 2064 ‚
785 2014 812 2054 b
846 2042 859 2055 .

175 2069 418 2109 Lauredanus
449 2081 698 2119 notatut,7:
716 2070 774 2109 sed
803 2067 1029 2118 excusatur,
1060 2085 1127 2124 45.

175 2122 452 2176 Λαξευτεῑέιον
481 2124 572 2178 quid
603 2150 613 2166 ,
646 2138 694 2176 97
726 2154 735 2170 ‚
765 2136 787 2163 a
816 2153 827 2171 ‚
859 2124 894 2162 b.

173 2178 324 2229 Legata
350 2192 495 2231 poenae
528 2179 684 2219 nornine
714 2176 762 2217 ab
790 2177 1003 2220 Antonino
1030 2178 1123 2220 abo«

230 2232 300 2272 lita
330 2262 341 2280 ‚
376 2238 424 2273 62
458 2267 469 2284 ‚
496 2247 519 2272 a
545 2262 559 2281 ,
585 2232 627 2271 =b.

174 2285 360 2327 Lentulus
392 2287 455 2337 qui
482 2288 639 2342 Capuae
685 2285 820 2326 ludum
865 2287 1121 2339 gladiatorum

228 2341 360 2382 habuit
390 2341 478 2396 quis
499 2376 507 2388 ,,
546 2355 615 2394 ¹23
647 2355 663 2382 .·
702 2339 778 2382 fuit
810 2340 842 2383 is
884 2343 949 2383 cui
979 2355 1120 2397 cogno·

229 2408 319 2435 men
349 2395 527 2445 Vaccia,
556 2396 610 2436 ib.

176 2448 260 2489 Leo
289 2449 471 2490 Ostienfis
502 2448 708 2503 exponitur
736 2466 788 2502 49
818 2479 829 2499 ,
857 2465 878 2491 a
911 2479 920 2491 .
945 2451 987 2491 b.

173 2502 341 2556 Lepidus
366 2504 496 2555 Syllae
522 2503 778 2548 >infestissimus
797 2534 808 2554 ,
842 2520 886 2557 3¹
911 2520 923 2546 ι
947 2505 1070 2548 vietus
1098 2520 1123 2548 a

204 2557 373 2599 -Camlo
396 2559 440 2598 in
468 2560 643 2599 Sardinia
668 2562 808 2614 periit,
836 2560 892 2601 ib.

177 2609 421 2659 Leucogaeus
449 2613 560 2654 collis
587 2615 631 2654 ad
659 2614 799 2655 alicam
847 2613 1122 2658 conficiendam

227 2665 444 2715 amissimus
474 2697 484 2715 ‚
513 2682 565 2717 42
596 2682 612 2708 ,·
657 2681 730 2721 pro
758 2681 805 2707 eo
846 2669 1120 2722 Neapolitanis

227 2722 414 2761 Odiavius
441 2735 568 2762 annua
597 2723 732 2763 vicena
760 2722 884 2762 millia
929 2725 1123 2765 numerari

228 2776 330 2819 iuffit
350 2801 362 2821 ‚
391 2777 445 2817 ib.
473 2776 649 2818 coloniae
677 2776 902 2831 Campanae
919 2777 1126 2832 praeseelu·

231 2845 271 2871 ra
292 2860 303 2876 ‚
331 2845 383 2883 47
407 2861 419 2881 2
446 2832 512 2881 65·

175 2885 259 2926 Lex
291 2886 414 2935 iulia,
445 2885 531 2925 vide
560 2884 658 2924 iulia
685 2885 746 2924 lex
767 2913 778 2924 .

176 2940 260 2979 Lex
289 2940 375 2991 pagi
409 2937 674 2991 Herculanei,
707 2938 799 2983 vide
838 2937 1126 2982 Herculaneus.

176 2993 385 3034 Libertatis
432 2995 581 3045 signum
630 2994 671 3034 in
712 3006 832 3038 aomo
873 2994 1073 3037 Ciceronis
1102 3007 1124 3037 a

198 3046 374 3091 „Clodio
400 3048 568 3104 pontum
593 3077 604 3101 ,
638 3054 726 3093 106·
794 3059 797 3061 ’

946 207 1345 265 NDE

230 285 355 342 dum,
385 298 463 334 ει,
493 267 548 336 a,
580 283 604 325 b
623 298 638 325 :
669 283 878 326 cuiusmodi
913 283 1053 327 suerit,
1083 281 1137 324 ib.
1194 284 1342 326 Liberti
1375 296 1463 323 rato
1495 281 1750 322 reserebantur
1793 280 1831 320 in
1860 279 2002 320 tribum
2033 312 2045 331 ,

1475 202 1563 262 X.
2047 222 2154 278 195

2087 284 2149 323 sed

1252 339 1478 378 libertorum
1511 335 1579 376 filii
1611 334 1686 374 fere
1715 336 1754 375 in
1789 335 2005 375 Palatinam
2039 367 2048 383 ,
2078 338 2145 384 48.

1192 391 1438 433 Libitinenfis
1470 400 1582 441 porta
1611 391 1702 443 quid
1722 421 1731 437 ,
1752 402 1854 437 1.t9.·
1887 391 2016 428 eadem
2047 404 2143 444 quae

1244 445 1505 490 sanavivaria,
1527 445 1604 484 five
1624 446 1754 496 potius
1778 443 2037 492 sandapilam,
2057 458 2143 484 120.

1193 500 1357 541 Limites
1386 499 1467 550 agri
1496 498 1688 548 Campani
1713 529 1723 543 ,
1755 512 1833 548 44:
1862 497 2031 549 primarii
2063 511 2149 550 pet·
2176 517 2182 524 ·

1245 556 1346 593 ricae
1377 553 1519 593 limites
1549 552 1668 592 kardo
1697 552 1737 592 δι
1764 553 1993 591 decumanus
2015 581 2025 598 ‚
2055 567 2102 602 43
2127 582 2139 601 ‚

1249 607 1288 646 hi
1320 608 1358 646 in
1388 619 1481 657 agro
1511 606 1716 657 Campano
1746 605 1983 645 alternabant
2008 636 2021 654 ‚
2063 606 2117 647 ib.

1193 662 1314 702 Linea
1343 660 1448 701 dives
1478 661 1516 701 in
1545 673 1662 701 cavea
1692 661 1779 714 quid
1811 690 1821 709 ‚
1853 671 1921 710 142
1953 690 1964 706 ‚
1994 674 2027 700 a.

1200 716 1347 768 Lipsius
1378 725 1537 755 notatur
1565 741 1578 761 ,
1613 715 1686 756 128
1715 744 1726 761 ‚
1764 729 1862 767 143,
1895 728 1937 759 a,
1969 713 2023 764 b,
2057 728 2147 765 144,

1258 768 2152 820 1452&b2146‚&b2149‚¹501

1254 823 1295 862 ἃ
1324 837 1346 863 a
1376 852 1386 871 ,
1418 837 1468 863 22
1503 851 1515 871 ,
1543 835 1578 862 a.

1203 877 1342 918 Livius
1370 877 1579 917 illustratur
1606 903 1620 924 ‚
1647 877 1695 927 65
1728 904 1739 926 ,
1770 889 1793 916 a
1822 903 1834 926 ,
1866 876 1920 918 66
1947 906 1960 926 ‚
1991 890 2013 918 a
2042 905 2053 926 ,
2081 876 2107 918 b
2138 904 2151 927 ‚

1195 946 1293 1026 [οἵα
1321 945 1455 1025 α’ὲιῖιξα
1484 983 1535 1024 (9¹
1565 981 1723 1034 obscura
1750 984 1873 1038 quid?
1902 986 1981 1025 1108
2007 1006 2016 1024 ‚
2047 998 2095 1025 a.

1197 1041 1305 1080 Loco
1335 1052 1492 1080 movere
1522 1037 1563 1077 &
1590 1039 1757 1078 dedicare
1779 1038 2152 1093 ἐντιθέτωςροίῖτε,

1250 1091 1783 1145 91‚b›94‚107‚b·

1195 1149 1368 1188 Lucanus
1397 1147 1689 1198 Campanorum
1731 1158 1852 1198 ager:
1881 1160 1967 1187 eum
2001 1147 2048 1187 P.
2079 1147 2145 1188 Pe-

1247 1201 1417 1241 scennius
1444 1200 1639 1241 Secundus
1655 1200 1866 1251 Campanis
1902 1202 2146 1254 reciperavit,

1246 1260 1329 1307 64:
1359 1255 1528 1296 eiusdem
1557 1255 1641 1305 agri
1671 1255 1892 1308 praestantia
1922 1256 1963 1295 δι
1983 1253 2141 1295 latifun-

1247 1310 1340 1357 dia,
1373 1311 1448 1358 66,
1477 1323 1501 1350 a
1530 1337 1544 1357 ,
1571 1307 1621 1358 b,
1656 1308 1867 1358 Peregrinii
1897 1310 1941 1348 de
1971 1322 2019 1350 eo
2046 1322 2146 1361 agro

1245 1362 1431 1404 sententia
1457 1392 1469 1413 ‚
1501 1365 1554 1412 64
1580 1390 1592 1409 ‚
1624 1363 1647 1402 b
1674 1377 1688 1402 .·
1730 1362 1793 1402 ubi
1835 1361 1953 1403 fuerit
1980 1393 1993 1413 ‚
2024 1364 2075 1403 ib.
2104 1363 2150 1403 &—

1247 1421 1297 1468 65
1329 1447 1340 1466 ‚
1372 1432 1393 1457 a
1413 1449 1425 1468 ‚
1454 1417 1504 1460 b.-
1532 1415 1671 1470 quibus
1703 1416 1868 1457 coloniis
1897 1417 2062 1464 divisus,
2092 1418 2149 1458 ib.

1245 1473 1299 1512 ob
1325 1471 1567 1512 coloniarum
1598 1471 1844 1512 solitudinem
1878 1500 1890 1515 ,
1936 1471 2066 1520 quibus
2093 1471 2149 1510 as-

1237 1526 1405 1577 signatus
1433 1524 1570 1577 fuerat,
1592 1540 1615 1566 a
1643 1525 1854 1580 Campanis
1881 1535 2146 1580 recuperatus,

1238 1583 1307 1620 62.

1183 1633 1487 1675 Lucoferonense
1513 1632 1849 1689 amphitheatrum
1881 1662 1891 1682 ‚
1936 1633 2003 1673 81.

1182 1688 1279 1728 Ludi
1312 1689 1446 1741 quibus
1488 1690 1575 1730 Diis
1615 1687 1818 1730 consecrati
1849 1721 1860 1737 ‚
1906 1689 1981 1727 108
2010 1717 2022 1738 ‚
2066 1687 2090 1728 b
2118 1703 2134 1728 ‚⁴

1242 1742 1417 1784 ludorum
1449 1743 1561 1796 origo
1590 1757 1632 1783 ac
1664 1755 1804 1782 nomen
1836 1755 1856 1779 a
1875 1742 1992 1791 Lydis
2012 1771 2023 1791 ‚
2047 1746 2131 1792 126,

1239 1797 1280 1835 ἃ
1310 1797 1365 1837 b:
1398 1798 1507 1838 ludos
1533 1797 1599 1851 qui
1630 1796 1801 1837 facerent
1847 1796 2003 1850 optimo
2043 1795 2136 1838 loco

1235 1851 1413 1891 sedebant
1432 1880 1443 1898 ‚
1478 1866 1552 1901 ³70
1584 1881 1595 1900 ,
1622 1865 1660 1891 a·

1181 1905 1277 1946 Ludi
1308 1905 1447 1946 scenici
1475 1906 1771 1959 Campanorum
1804 1932 1816 1952 ‚
1864 1905 1940 1946 162
1969 1918 1985 1945 .·
2022 1903 2068 1946 ἃ
2095 1904 2140 1948 in

1184 1961 1591 2055 ιέἰιῗῗξςῖῗὲἒὲῗῖἒῗ
1607 1964 1716 2066 2233}
1747 1959 1874 2066 ἑψῖόῗ
1879 1987 1962 2052 '12⁶
1985 2042 1993 2059 ‚
2018 2012 2063 2054 1,.

1183 2067 1312 2109 Ludus
1343 2068 1595 2120 gladiatorius
1625 2081 1748 2122 prope
1779 2067 2134 2120 amphitheatrum,

1240 2138 1309 2167 121
1330 2151 1345 2170 2,
1383 2137 1484 2165 122.-
1513 2123 1625 2164 'ludus
1660 2122 1840 2168 Dacicus,
1858 2121 2039 2162 Gallicus
2059 2123 2139 2165 &c.

1233 2190 1336 2218 122.-
1367 2177 1480 2218 ludus
1510 2190 1671 2229 magnus
1700 2189 1819 2229 prope
1840 2175 2024 2222 Flavium
2057 2190 2138 2217 am·

1232 2229 1501 2284 phitheatrurn
1529 2260 1544 2278 ‚
1578 2232 1629 2270 ib.
1664 2230 1738 2271 lucii
1771 2229 1992 2282 gladiatorii
2024 2241 2134 2273 extra.

1232 2288 1401 2327 Romam
1433 2314 1444 2333 ‚
1477 2286 1598 2327 veluti
1633 2285 1836 2324 Ravennae
1867 2284 1907 2324 &
1947 2285 2138 2336 Capuae,

1235 2355 1310 2381 122
1332 2370 1343 2390 ,
1382 2354 1449 2392 ¹23
1474 2353 1483 2378 t
1515 2338 1687 2380 Caesaris
1717 2338 1826 2378 ludus
1868 2336 2154 2380 Alexandreae*

1228 2408 1307 2434 non
1338 2395 1383 2435 ad
1415 2393 1587 2440 lulium,
1619 2392 1678 2432 {ed
1722 2391 1766 2433 ad
1812 2393 2031 2445 Augustum
2075 2407 2136 2435 re-

1235 2448 1436 2498 ferendus,
1475 2461 1545 2500 125
1577 2477 1588 2496 ,
1625 2449 1699 2490 126
1727 2476 1738 2495 ‚
1770 2446 1810 2486 δι
1839 2460 1887 2485 a:
1936 2459 2130 2489 marmora

1220 2504 1276 2544 ³de
1316 2503 1408 2543 ludo
1458 2502 1730 2543 Alexandrino
1773 2501 1814 2541 δι
1843 2501 1991 2541 Dacico
2025 2503 2129 2542 reni-

1229 2567 1319 2598 tura
1346 2557 1388 2597 δι
1415 2556 1621 2607 illustrata,
1662 2557 1735 2597 126
1768 2584 1780 2605 ‚
1823 2569 1845 2595 a
1873 2585 1884 2604 ‚
1916 2554 1940 2595 b
1970 2568 1981 2595 :
2019 2554 2135 2599 tudun

1234 2611 1391 2652 Lentuli
1419 2612 1581 2664 Capuae
1606 2640 1622 2661 „
1658 2624 1729 2663 ¹23
1765 2638 1776 2658 ‚
1802 2609 1846 2652 δι
1871 2610 1950 2663 seq.

1176 2665 1311 2718 Lupus
1341 2670 1356 2716 (
1388 2666 1562 2706 Rutilius
1595 2672 1604 2712 )
1635 2678 1768 2717 agrurn
1796 2664 2045 2716 Campanum
2075 2664 2126 2705 acl

1233 2722 1293 2761 ius
1328 2719 1524 2775 publicum
1554 2733 1736 2760 revocare
1766 2720 1911 2773 primus
1955 2719 2127 2771 aggredi·

1237 2787 1301 2815 tut
1329 2804 1340 2822 ,
1373 2776 1424 2815 28
1455 2803 1467 2822 ‚
1499 2775 1537 2813 δι
1569 2773 1648 2827 seq.

1181 2828 1382 2870 Lustratio
1408 2841 1592 2882 pagorum
1627 2841 1637 2871 3
1668 2828 1756 2869 vide
1785 2838 1905 2881 pagus
1935 2840 1947 2867 τ
1990 2825 2128 2877 lustra·

1235 2884 1350 2924 tionis
1375 2884 1514 2937 pulcra
1558 2882 1767 2937 descriptio
1812 2882 1854 2920 in
1894 2879 2055 2937 epistola
2081 2881 2129 2923 50*

1230 2939 1378 2992 ‘Vigilii
1406 2938 1641 2977 Tridentini
1666 2966 1683 2986 ‚
1717 2950 1796 2991 .170
1827 2964 1838 2981 ,
1869 2934 1909 2976 b.

1179 2991 1281 3047 Lydi
1309 2991 1452 3050 optimi
1480 2991 1681 3034 saltatores
1709 3021 1720 3045 ‚
1752 2991 1829 3034 126
1856 3018 1869 3043 ,
1894 2988 1936 3032 b.

1513 3154 1682 3200 Bbz
