2622 3522
717 200 808 248 Da
858 200 1209 250 Campano
1266 199 1596 251 Tuam-ao

229 266 457 332 Campani
495 264 544 316 in
581 263 754 316 fornice
791 271 834 317 S.
871 267 1017 333 Eligii
1055 268 1366 317 collocandum
1408 282 1653 334 curarunt3

2054 223 2146 270 ¹79

1697 267 1866 318 ibidem
1906 271 2124 322 nimitum
2150 312 2162 333 ,

233 336 314 387 ubi
352 336 470 385 hunc
506 333 829 401 amphitheatri
869 335 1094 396 titulum,
1130 353 1267 401 quem
1304 337 1393 386 hoc
1448 337 1773 403 qualicumque
1830 344 2165 390 commentario

219 499 347 545 tignum
373 500 463 536 fuisse
481 524 491 541 ,
516 499 565 536 uti
591 498 811 544 Capricornus
839 499 972 546 Augusti
1002 526 1014 544 ‚
1038 502 1072 535 &
1097 499 1161 534 alia

219 547 254 580 id
281 558 385 590 genus
407 557 510 590 ,quae
535 548 597 581 huc
611 557 786 587 congerere
814 558 882 581 non
906 548 952 581 est
977 558 1080 591 opus.
1099 551 1163 579 Ae-

218 593 324 631 cedit,
349 592 436 636 quod
466 593 498 624 in
525 591 612 626 hunc
638 592 735 635 usque
761 591 850 626 diem
878 593 984 626 nostra
1010 593 1088 625 haec
1114 592 1158 625 ci-

220 638 308 672 vitas
333 638 400 670 duo
423 636 481 670 sibi
508 636 647 680 insignia
674 638 830 680 usurpet,
858 649 961 672 unum
986 637 1132 672 usitatius
1148 659 1160 679 ‚

219 693 288 728 quo
313 694 392 717 crux
418 682 636 725 depingitur,
661 683 830 722 alterum
858 693 924 727 quo
950 683 1035 726 septe
1041 695 1073 717 m
1100 682 1162 716 ser-

219 738 336 773 pentes
361 729 396 762 in
421 736 545 761 cratere
571 727 704 762 suri-esti
730 728 995 771 exsculpuntur.
1016 733 1116 769 Pereg
1120 728 1163 760 ri-

220 774 315 808 nium
340 774 413 807 sane
439 773 577 807 memini
613 774 646 806 in
674 777 789 817 camp.
818 775 886 807 Fel
928 775 946 815 (
971 784 1163 819 quanquam

218 818 330 853 locum
355 819 496 862 reperire
523 829 590 852 non
616 827 672 863 pot
677 820 708 851 ui
735 820 754 859 )
780 829 898 859 neeare
923 830 982 862 pro
1008 819 1082 852 satis
1106 830 1164 852 an

221 865 317 909 tiquo
343 863 530 898 habendum
555 865 616 898 effe
653 863 737 897 illud
775 864 898 906 infigne
931 865 1065 898 crateris
1090 874 1165 897 cum

219 909 454 954 serpentibus:
480 909 533 943 sed
560 909 642 943 illud
666 919 798 953 quoque
815 909 951 943 memini
978 910 1166 944 novitatem

219 955 293 991 eius
318 955 500 990 stemmatis
525 955 619 988 nullo
644 955 745 989 modo
769 965 788 987 a
813 954 948 989 laudato
990 955 1066 989 viro
1092 966 1166 999 pro-

219 1001 316 1036 bari.
344 1004 387 1035 Et
412 1001 582 1045 ceteroqui
607 1001 710 1034 etiam
735 1000 828 1042 scio,
841 1011 916 1034 cum
942 1001 1103 1050 primum
1110 999 1167 1033 ista

220 1047 358 1089 insignia
383 1047 526 1090 usurpari
552 1054 762 1090 coeperunt
786 1026 828 1079 ad
854 1054 983 1079 veteres
1021 1044 1167 1088 origines

219 1093 314 1136 saepe
338 1092 440 1126 alludi
468 1092 649 1135 piacuiss‘e:
676 1091 710 1124 in
735 1099 866 1125 tanturn
893 1099 928 1125 ut
954 1103 1021 1125 non
1046 1073 1168 1142 pudeat

220 1138 320 1172 hodie
346 1137 557 1180 Gaditanos,
580 1137 735 1181 quamvis
763 1136 970 1171 Christianos
997 1160 1007 1178 ,
1048 1137 1082 1169 in
1109 1147 1167 1179 pu-

219 1183 308 1218 blico
330 1184 372 1217 fio
357 1183 437 1225 „illo
463 1183 639 1217 Herculem
680 1181 838 1216 exhibere
873 1193 948 1216 cum
974 1182 1033 1216 hac
1057 1181 1169 1215 inscri-

217 1230 338 1275 ptione
368 1231 533 1263 Hercules*
560 1229 710 1262 Gadium
733 1227 904 1268 fundator
949 1229 1166 1262 dominator-

217 1287 310 1320 que,
339 1273 372 1308 id
396 1273 484 1317 quod
511 1272 614 1308 didici
639 1283 680 1306 ex
707 1281 743 1306 to
774 1282 817 1308 xx
845 1272 1001 1306 biblioth.
1028 1271 1169 1306 selectae

217 1300 342 1357 Clerici
370 1331 389 1362 p
421 1330 494 1354 111.
521 1318 611 1364 Quid
636 1329 714 1361 ergo
741 1319 984 1362 impedimento
1002 1318 1168 1361 est,quo-

217 1366 354 1404 minus,
378 1364 601 1409 cumprimum
625 1363 686 1397 hoc
710 1363 764 1397 si'a'
743 1376 765 1396 ι
792 1365 873 1406 insi}
878 1375 916 1397 ne
944 1363 1048 1398 nostri
1072 1373 1163 1397 cives

216 1411 425 1450 asciverunt,
449 1410 488 1443 ad
515 1418 665 1443 veterem
691 1409 728 1442 de
755 1410 959 1454 serpentibus
1004 1408 1166 1443 narratio-

218 1467 299 1491 nem
323 1455 501 1502 spestarint
524 1454 544 1489 ?
580 1459 669 1489 Nam
693 1455 781 1500 quod
818 1456 853 1488 in
878 1464 1002 1488 cratere
1028 1465 1084 1489 eos
1109 1466 1167 1486 an-

217 1513 297 1547 gues
322 1503 521 1544 assurgentes
546 1499 763 1536 effinxerint:
795 1499 826 1533 id
853 1512 892 1534 eo
917 1501 969 1544 spe
974 1499 1167 1553 &an-quod

217 1548 330 1582 nostra
357 1547 415 1581 hae
419 1559 436 1581 c
471 1547 684 1590 Campania,
725 1558 823 1591 quam
862 1547 964 1590 Opici
988 1545 1090 1579 initio
1117 1545 1167 1578 in-

217 1593 424 1631 haeserunt,
454 1598 578 1626 Crater
603 1591 689 1626 olim
713 1591 961 1635 appellabatur
978 1591 1066 1637 quod
1095 1591 1167 1624 eius

216 1650 272 1683 ps.
280 1639 465 1672 litoralis
492 1638 527 1671 in
551 1638 686 1671 crateris
709 1637 852 1671 formam
878 1638 1044 1671 sinuatur
1076 1640 1165 1671 Stra-

218 1683 262 1718 bo
286 1683 327 1717 de
355 1684 536 1727 Campania
562 1682 703 1727 loquens
729 1683 770 1716 sic
795 1682 871 1718 ait.-
902 1686 1097 1718 Antiochus
1121 1682 1164 1717 ab

217 1732 341 1774 opicis
367 1730 566 1763 habitatam
586 1725 692 1771 fuisse
719 1740 790 1761 eam
816 1731 988 1772 regionem
1014 1740 1167 1771 narrat,

218 1778 281 1820 qui
306 1777 412 1809 iidem
439 1776 479 1809 <9⁸
510 1774 662 1814 Ausones
687 1777 977 1817 appellarentur:
997 1787 1037 1809 at
1066 1778 1166 1818 Poly-

217 1822 296 1857 btus
321 1820 512 1874 significet
522 1821 561 1859 se
586 1828 647 1863 pro
672 1818 806 1853 duabus
832 1819 978 1858 divers»-
1001 1820 1168 1863 gentibus

217 1880 274 1903 σοι
300 1866 448 1910 habere,·
476 1858 529 1900 aie
558 1867 648 1898 enim
673 1868 796 1900 ovicos
834 1866 874 1899 (⁴7
913 1866 1063 1906 Ausones
1099 1879 1167 1900 rer-

219 1924 293 1947 ram
319 1923 404 1955 quae
430 1912 472 1955 es}
498 1913 591 1946 circa
629 1912 907 1945 cRATEREM
950 1910 1131 1955 incoluiffe
1158 1936 1166 1946 .

222 1958 333 1992 Potest
360 1957 401 2000 ig
397 1966 460 1992 tur
486 1968 554 1991 non
582 1957 694 2000 inepte
730 1957 860 2002 serpens
895 1957 952 1990 iste
989 1957 1027 1991 ad
1055 1969 1128 1991 eam
1145 1985 1166 2010 ‚

217 2014 319 2056 quam
345 2003 443 2044 dixi,
472 2002 696 2037 narrationem
722 2001 866 2037 referri:
909 2015 982 2037 nam
1016 2003 1170 2055 quamvis

219 2049 336 2093 opinio
360 2049 398 2082 iit
422 2047 621 2093 quandoque
648 2056 705 2081 vet
709 2058 777 2084 eres
804 2048 949 2083 Genium
987 2050 1027 2084 fic
1054 2048 1171 2093 depin-

220 2095 301 2130 xiffe
321 2103 380 2137 ,ut
404 2106 551 2138 anguem
577 2093 834 2138 exsculperent.-
849 2104 962 2128 tamen
991 2095 1074 2130 nihil
1101 2106 1171 2129 ma-

222 2141 275 2184 gis
305 2141 337 2174 in
365 2142 537 2185 proposito
573 2150 738 2173 marmore
773 2140 847 2185 quis
874 2141 1002 2175 Genius
1046 2139 1168 2174 theatri

222 2186 277 2221 fue
282 2187 325 2219 rit
364 2185 509 2220 declarat
534 2210 545 2228 ‚
585 2196 685 2230 quam
726 2185 817 2229 supe
822 2187 923 2231 posita
964 2186 1134 2227 inscriptio
1160 2209 1169 2218 .

224 2235 324 2266 Nunc
351 2231 529 2276 epigraphe
566 2232 625 2264 illa
651 2233 822 2265 GENIVS
863 2235 1074 2266 THEATRI
1103 2243 1169 2265 non

222 2278 315 2321 supra
342 2277 550 2322 serpentem.
567 2275 619 2310 sed
646 2276 738 2320 supra
764 2277 1016 2321 praecedentem
1033 2276 1171 2329 figuram

221 2322 398 2366 scalpitur,
423 2321 704 2368 quemadmodum
730 2323 764 2356 in
790 2323 902 2357 tabula
926 2323 1045 2358 vides.
1072 2322 1171 2365 Fugit

222 2368 315 2403 enim
341 2369 451 2403 virum
478 2379 636 2410 magnum
663 2369 824 2402 memoria
849 2390 858 2407 .
900 2368 956 2413 qui
991 2369 1084 2413 supra
1109 2369 1172 2402 ser-

223 2423 359 2460 pentem
385 2425 458 2449 eam
484 2413 731 2466 inscriptionem
757 2414 893 2450 statuit·

317 2463 433 2503 Neque
458 2461 550 2494 enim
572 2458 713 2494 dubium
753 2461 812 2494 effe
854 2460 960 2504 potest
987 2489 999 2505 ‚
1038 2459 1123 2512 quin
1147 2458 1177 2494 is

220 2504 280 2557 qui
305 2504 421 2540 dextra
447 2514 622 2546 pateram,
659 2504 782 2539 finisti-a
807 2506 1027 2549 cornucopiae
1052 2506 1139 2550 gerit
1163 2529 1175 2547 ,

222 2550 250 2585 is
276 2549 413 2585 demum
439 2553 565 2585 Genius
604 2549 724 2584 theatri
767 2551 805 2585 iit
830 2551 1026 2587 habendus·
1069 2556 1176 2585 Docet

221 2595 257 2631 id
284 2605 356 2630 tum
382 2596 412 2629 ei
439 2597 576 2639 superne
602 2596 800 2640 respondens
842 2598 1077 2640 epigramma,
1101 2604 1173 2630 tum

223 2642 331 2676 etiam
354 2641 443 2686 quod
469 2642 596 2676 Genius
622 2653 662 2675 eo
686 2641 819 2675 demum
862 2642 974 2678 habitu
999 2655 1018 2677 a
1045 2642 1175 2678 veteri-

221 2687 283 2722 bus
306 2687 532 2733 depingatur,
557 2686 606 2721 uti
634 2688 768 2721 Traiani
809 2688 841 2721 tle
868 2688 1025 2724 Hadriani
1063 2688 1174 2723 numi-

223 2734 325 2768 smata
351 2732 534 2767 testantur.
563 2736 633 2767 Nec
656 2732 722 2767 alia
745 2733 850 2776 specie
865 2758 880 2786 ‚²
904 2735 1026 2779 opinor
1053 2759 1064 2777 ‚
1091 2734 1174 2768 vise-

224 2779 320 2814 batur
345 2779 473 2813 Genius
512 2779 628 2824 populi
655 2782 698 2815 R.
719 2779 777 2824 qui
804 2781 940 2824 regione
967 2778 1058 2815 urbis
1082 2779 1174 2815 osta-

224 2837 269 2859 va
293 2835 409 2859 aureus
433 2823 561 2858 stabat.
589 2828 689 2860 Certe
715 2825 815 2858 Genii
842 2825 969 2870 publici
996 2851 1007 2868 ‚
1031 2825 1089 2871 qui
1120 2829 1177 2859 [u-

224 2870 319 2905 liano
342 2871 381 2904 ad
409 2870 586 2914 imperium
611 2870 730 2905 evesto
754 2881 810 2914 per
834 2871 983 2916 quietem
1007 2872 1176 2924 apparuit,

225 2927 296 2951 non
321 2916 385 2948 alia
400 2915 604 2950 deformatio
628 2915 716 2950 fuit.
743 2915 847 2951 Νοέἰ.
883 2930 1025 2960 tamen,
1062 2916 1176 2962 inquit

225 2960 427 2998 Ammianus
452 2972 525 3001 xx
545 2972 586 2996 12
614 2973 699 3006 quae
724 2963 975 3016 declarationis
1001 2964 1176 3007 Augustae

222 3004 453 3052 praecesserat
479 3009 595 3041 diem.
637 3016 728 3049 .per
753 3009 901 3050 quierem
930 3012 1080 3051 aliquem
1121 3021 1177 3042 vr-

222 3055 324 3097 fum,
342 3063 383 3088 ut
399 3055 626 3090 FORMARI
653 3056 835 3088 GENle·
851 3058 1081 3090 PVBLtch
1099 3057 1177 3089 so-

226 3103 325 3138 LET
342 3123 354 3136 .
379 3097 501 3144 Qualis
523 3109 608 3137 vero
630 3099 693 3136 illa
716 3098 837 3148 species
859 3099 964 3137 fuerit
985 3099 1046 3137 lib.
1070 3110 1145 3138 xxv
1161 3124 1175 3147 ,

1321 408 1360 453 Z
1431 422 1460 454 2

1207 511 1276 545 cap.
1305 512 1323 543 ς
1359 499 1570 537 declaratur:
1591 514 1667 537 nam
1692 501 1748 535 sub
1772 501 1918 536 tentorio
1942 501 2063 543 degens
2082 501 2158 542 Nn·

1207 555 1339 592 perator
1354 570 1363 585 ,
1389 549 1488 583 vidie
1510 550 1737 592 squalidius.
1751 571 1759 579 .
1779 571 1787 579 .
1815 550 1955 591 speciem
1975 552 2074 581 inam
2094 553 2166 582 Ge·

1207 595 1264 627 nii
1286 592 1449 635 publici,
1474 607 1574 637 quam
1604 606 1680 626 cura
1708 595 1753 625 ad
1783 594 1972 636 Augustum
1991 596 2157 636 surgere:

1206 641 1338 672 eulmen
1364 641 1537 681 conspexit
1563 643 1599 672 in
1630 642 1765 673 Galliis
1795 662 1804 675 ,
1849 642 1963 671 veltro
2002 642 2119 681 capite
2148 662 2159 676 .

1209 696 1284 718 cum
1309 688 1512 725 cornucopiz
1530 707 1539 725 ‚
1566 695 1625 727 per
1651 688 1750 716 aule-⁷
1777 685 1914 724 eristius
1956 684 2164 722 descenden-

1210 740 1301 763 tem.
1329 730 1416 762 Haec
1440 729 1519 764 dum
1545 729 1646 763 scrib)
1672 729 1921 773 graniiusculos
1958 728 2038 761 duos
2071 733 2163 762 Con·

1211 774 1321 807 stantii
1365 773 1483 807 Chlori
1529 786 1682 809 nummos
1721 776 1812 807 licuit
1853 773 2059 807 contrastare
2084 786 2091 806 ;
2122 776 2157 806 in

1212 830 1353 863 quorum
1377 821 1489 853 aversa
1515 831 1606 863 parte
1632 822 1781 853 GENIO
1810 821 1975 852 l’OPVLi
2006 823 2163 852 ROMA.

1214 867 1263 899 NI
1291 864 1447 907 inscripta
1473 865 1600 899 Genius
1625 866 1666 899 fic
1691 864 2020 906 exhibetur-‚dextra
2046 874 2081 897 ut
2108 876 2168 908 pa-

1215 919 1321 944 teram
1346 909 1526 951 effundat,
1552 910 1675 944 sinistra
1700 912 1919 953 cornua->piae
1945 910 2059 951 terat,
2078 911 2168 952 capi·

1215 956 1240 989 ti
1269 967 1347 989 vero
1360 936 1526 990 calathuni
1544 956 1741 989 insistentem
1761 956 1903 988 habeat.
1922 958 1963 988 Et
1983 955 2185 995 calathum‚'

1215 1012 1316 1046 quem
1334 1000 1434 1034 Genii
1455 1001 1556 1034 verti:
1560 1002 1566 1032 i
1582 1001 1660 1034 haec
1674 1001 1868 1035 numismata
1882 1001 2169 1048 superimponunt.

1215 1058 1255 1080 ne
1283 1057 1301 1079 a
1327 1047 1436 1080 nostro
1459 1047 1595 1090 quidem
1624 1048 1835 1097 anaglyptoi
1826 1036 1926 1089 [ἀρά
1944 1046 2046 1079 Genii
2071 1055 2167 1089 caput

1215 1091 1348 1126 abfuisse
1373 1091 1540 1134 suspicor:
1559 1103 1714 1135 quamuis
1740 1091 1828 1124 enim
1857 1102 1893 1124 ea
1909 1101 1999 1135 parte
2026 1101 2169 1124 marmor

1215 1137 1422 1171 confractum
1439 1146 1590 1170 cernatur
1594 1147 1725 1178 ;tamen
1740 1137 1956 1169 intervallum
1969 1138 2059 1181 quod
2080 1137 2170 1170 inter

1216 1190 1391 1226 utramque
1408 1182 1622 1225 superpositae
1640 1182 1863 1224 inscriptionis
1876 1183 1905 1214 d·
1910 1182 1954 1216 Ct‘:
1960 1194 2057 1215 onem
2071 1183 2117 1216 int
2123 1194 2174 1215 er-

1219 1226 1340 1269 cedit,
1358 1227 1514 1261 nonnulli
1539 1228 1582 1260 est
1602 1227 1725 1260 indicio
1744 1229 1826 1259 surr·
1821 1228 1923 1261 astum
1941 1228 2064 1271 aliquid
2077 1228 2171 1272 supra

1218 1273 1321 1307 Genii
1345 1282 1442 1317 caput
1458 1274 1555 1307 exsti:
1559 1275 1623 1312 isse,
1642 1272 1730 1317 quod
1745 1273 1946 1316 epigraphen
1976 1273 2172 1324 interrumpi

1214 1327 1375 1362 cogeret.
1419 1321 1544 1353 Verum
1571 1321 1611 1351 de
1637 1317 1769 1351 calatho
1792 1319 1929 1363 quidem
1965 1329 2015 1351 res
2042 1320 2086 1352 est
2113 1320 2169 1352 in-

1214 1373 1333 1398 certa:
1361 1363 1412 1398 sed
1440 1373 1552 1398 tamen
1577 1364 1686 1407 capite
1717 1365 1828 1397 velato
1846 1388 1856 1406 ,
1881 1365 2164 1408 quemadmodum

1214 1410 1385 1444 Ammiani
1412 1410 1510 1442 verba
1547 1411 1648 1444 modo
1673 1410 1809 1443 recitata
1842 1409 2014 1443 declarant
2041 1435 2052 1451 ,
2077 1409 2166 1445 hunc

1217 1456 1364 1490 nostrum
1389 1455 1480 1490 fuin'e
1504 1480 1513 1494 .
1536 1468 1577 1490 ex
1604 1455 1724 1488 lacinia
1748 1467 1766 1488 a
1792 1457 1901 1499 capite
1942 1456 1975 1488 in
2001 1455 2166 1490 sinistrum

1216 1501 1394 1535 humerum
1418 1501 1631 1546 dependente
1674 1502 1784 1544 palam
1809 1501 1872 1536 fit⁴
1918 1504 1995 1534 Non
2021 1501 2064 1534 est
2092 1512 2170 1545 ergo

1215 1546 1296 1580 haec
1313 1547 1508 1590 'penultima
1535 1548 1644 1586 imago
1670 1546 1829 1581 sacrificus
1845 1547 1963 1591 aliquis
1987 1572 1997 1588 ,
2017 1547 2069 1580 sed
2099 1548 2167 1591 ipse

1216 1593 1344 1626 Genius
1369 1591 1492 1627 theatri
1519 1592 1729 1627 sacrificantis
1753 1593 1820 1626 ritu
1847 1593 2013 1626 exhibitus
2039 1617 2047 1626 .
2073 1598 2168 1637 Quae

1212 1649 1289 1673 cum
1315 1639 1359 1671 ita
1385 1640 1445 1673 effe
1469 1640 1642 1672 eertiffime
1668 1638 1837 1672 demonstr
1840 1639 1886 1671 ari
1892 1651 1950 1673 1:ss
1975 1638 2057 1671 illud
2081 1650 2167 1683 quo

1213 1695 1277 1729 que
1302 1684 1445 1727 sequitur
1470 1685 1682 1728 serpentem,
1696 1683 1737 1717 de
1763 1695 1830 1729 quo
1856 1685 1919 1727 sup
1916 1684 2036 1718 ·adiss'e
2041 1684 2163 1724 rebam.

1212 1729 1345 1775 quidvis
1372 1730 1505 1774 potius,
1533 1742 1632 1775 quam
1677 1730 1822 1764 Genium
1848 1729 1943 1763 fuiffe
1968 1754 1976 1762 .
2005 1734 2018 1771 [
2038 1731 2162 1773 Anguis

1214 1776 1335 1810 eodem
1360 1775 1465 1819 positu
1488 1787 1556 1821 quo
1581 1776 1679 1814 heic.
1694 1776 1813 1811 visitur
1836 1776 1872 1809 in
1896 1778 2002 1809 altero
2026 1786 2105 1808 anau
2091 1777 2169 1818 ls

1215 1829 1274 1874 pto
1298 1821 1383 1860 apud
1411 1825 1511 1866 Spon.
1552 1822 1639 1856 Sest.
1668 1834 1686 1855 2
1704 1847 1715 1862 ‚
1755 1831 1815 1855 art.
1854 1834 1903 1864 7.
1942 1833 2018 1865 pag.
2062 1833 2101 1863 3¹
2130 1834 2167 1856 itt

1214 1867 1250 1901 in
1274 1879 1341 1913 quo
1367 1867 1402 1900 in
1428 1868 1539 1902 medio
1564 1877 1628 1901 tres
1674 1868 1839 1912 nymphae
1882 1869 2024 1902 Naiades
2049 1879 2170 1911 aquam

1214 1924 1257 1946 ex
1286 1925 1367 1948 urna
1405 1914 1589 1955 fundunt,
1628 1913 1704 1947 hinc
1748 1915 1879 1957 serpens
1917 1914 2043 1947 erectus
2084 1915 2114 1946 &
2137 1914 2174 1948 in

1218 1959 1340 2002 spiram
1367 1960 1539 1994 revolutus
1565 1960 1723 2001 cernitur,
1743 1959 1838 1993 illinc
1864 1959 2054 1992 adolescens
2078 1959 2172 1993 sacris

1218 2013 1374 2047 operatur
1404 2030 1412 2039 .
1452 2006 1623 2050 Inscriptio
1664 2005 1903 2038 substernitur:
1949 2008 2127 2038 NVMi-Nt
2160 2028 2171 2038 .

1221 2052 1529 2086 NYMPHARVM
1554 2076 1563 2086 .
1620 2054 1792 2098 AQVAR.
1836 2054 2127 2085 AVGVSTAMS
2154 2075 2165 2085 .

1219 2098 1571 2135 AVGGG.L18.]

1312 2145 1352 2176 Se
1338 2142 1375 2175 ‘d
1401 2144 1422 2178 fi
1448 2151 1559 2178 tamen
1585 2154 1662 2177 eum
1687 2154 1825 2205 anguem
1851 2154 1910 2186 pro
1929 2145 2058 2185 Capuae
2081 2141 2172 2184 sym·

1217 2186 1295 2220 bole,
1320 2189 1465 2233 accipere
1490 2189 1578 2222 forte
1602 2188 1659 2221 det
1663 2189 1766 2223 restas
1783 2214 1813 2230 ,
1807 2190 1860 2224 ’ἔς
1885 2188 1925 2222 ad
1953 2190 2099 2223 Genium
2125 2199 2179 2221 re-

1215 2232 1304 2266 ferre
1329 2235 1460 2269 mavis:
1487 2235 1527 2267 fic
1553 2234 1684 2277 transigi
1714 2245 1764 2269 res
1791 2236 1942 2276 poterit,
1962 2245 2029 2267 non
2054 2243 2090 2267 ut
2115 2233 2150 2266 ili
2155 2245 2172 2267 e

1218 2277 1351 2312 coluber
1377 2280 1504 2314 Genius
1529 2280 1660 2315 fuerit
1686 2279 1738 2313 sed
1767 2280 1865 2313 Genii
1893 2288 2024 2313 tantum
2050 2281 2077 2316 3
2082 2294 2176 2316 exac-

1217 2322 1314 2361 -nno'u
1340 2326 1541 2368 σνμείωμαι.
1570 2329 1684 2370 Neque
1711 2326 1797 2358 enin
1827 2335 1948 2359 temere
1992 2325 2054 2358 hoc
2089 2325 2172 2366 est,

1219 2369 1310 2414 quod
1339 2372 1418 2413 Virg
1422 2372 1497 2406 ilius
1526 2383 1546 2403 z
1571 2376 1654 2404 Aen.
1683 2383 1723 2413 93
1765 2371 1833 2414 post
1861 2371 2018 2416 serpentis
2048 2382 2180 2405 accura-

1223 2423 1293 2449 tam
1316 2413 1570 2461 descriptionem
1597 2417 1713 2451 subiec
1721 2426 1731 2449 t
1751 2437 1760 2453 ‚

1315 2464 1496 2497 Incertum
1524 2465 1712 2497 Geniumve
1739 2464 1831 2504 loci,
1854 2461 2070 2504 famulumne
2108 2472 2174 2507 pa-

1362 2520 1474 2543 rentes

1318 2550 1400 2596 Effe
1421 2562 1551 2597 putet.

1224 2597 1275 2632 Ad
1300 2609 1401 2643 quem
1427 2599 1539 2634 locum
1564 2598 1698 2634 Servius
1737 2598 1867 2634 nullum
1909 2600 1960 2633 lo
1945 2610 2019 2633 um
2058 2599 2171 2633 Genio

1221 2655 1331 2678 carere
1356 2643 1439 2678 dicit
1455 2670 1467 2687 ,
1489 2645 1546 2690 qui
1573 2656 1629 2689 per
1653 2655 1796 2686 anguem
1822 2647 2018 2690 plerumque
2059 2645 2172 2679 osten-

1221 2690 1314 2723 ditur
1339 2715 1348 2725 .
1390 2690 1566 2724 Isidorus
1555 2703 1591 2725 in
1617 2702 1683 2725 xit
1711 2690 1794 2734 orig.
1819 2703 1854 2732 4.
1883 2697 2021 2735 Angues
2064 2703 2181 2726 aurem

1222 2735 1317 2780 apud
1339 2738 1495 2780 gemilu
1517 2746 1578 2779 pro
1592 2740 1710 2781 geniis
1736 2741 1885 2772 locorum
1912 2748 2011 2772 erant
2049 2736 2167 2772 babiti

1222 2782 1374 2826 semper·
1400 2783 1496 2816 unde
1523 2782 1564 2817 (5
1589 2782 1755 2821 Persius.-

1316 2829 1427 2871 Pinge
1452 2829 1540 2862 ἄησι
1565 2840 1723 2873 angues,
1739 2830 1841 2872 pueri
1857 2854 1869 2872 ,
1888 2829 1990 2869 sacer
2007 2829 2050 2873 est
2066 2831 2179 2862 locus.

1223 2870 1309 2905 Vide
1336 2883 1422 2917 quae
1446 2872 1657 2908 Casaubonus
1674 2873 1715 2908 ad
1743 2874 1841 2909 Periii
1869 2875 1977 2908 locun
2004 2875 2140 2908 notavit
2169 2898 2182 2915 ,

1222 2929 1264 2953 ex
1288 2918 1407 2963 quibus
1432 2918 1598 2963 intelligas
1614 2920 1693 2955 deos
1716 2921 1852 2965 quosvis
1877 2922 2005 2964 topicos
2032 2921 2098 2954 five
2124 2919 2175 2952 lo·

1223 2975 1340 2999 corum
1366 2965 1506 2999 Tutelas
1531 2976 1587 3010 per
1611 2977 1733 3008 angues
1758 2966 1853 3001 fuisse
1879 2966 2092 3009 designatos3
2116 2975 2180 2999 un.-

1223 3008 1266 3044 de
1292 3010 1324 3044 &
1352 3011 1539 3055 Propertius
1563 3011 1620 3046 lib.
1649 3022 1716 3055 tv,
1742 3013 1850 3056 elegia
1877 3015 1896 3045 8
1932 3013 1971 3046 de
1997 3012 2180 3045 dracone:

1320 3060 1520 3091 Lanuvium
1535 3057 1654 3099 annosi
1640 3070 1772 3093 uvetus
1790 3059 1833 3102 est
1852 3061 1983 3094 Tutela
2001 3059 2177 3092 draconis.

1222 3103 1346 3140 Tutela
1369 3111 1489 3140 autem
1508 3103 1542 3140 8
1568 3104 1697 3142 Genius
1722 3116 1788 3141 una
1812 3105 1998 3150 eademque
2023 3115 2073 3139 res
2099 3103 2116 3137 f
2122 3111 2180 3153 ωεξ

2131 3158 2182 3185 uti

2052 408 2164 456 illu-
