2622 3522
410 223 476 269 24
931 205 1238 251 CAPVT
1310 201 1774 260 QVAR‘rvM

369 276 606 339 minatur3
645 281 694 320 ut
730 270 946 319 omittam
984 271 1104 333 quod
1143 268 1262 315 idem
1303 283 1483 332 quoque
1520 285 1772 332 cognomen
1808 269 2010 318 occurrit
2046 273 2158 336 apud
2194 279 2328 331 (huf,

368 361 409 407 p.
453 344 604 404 1093,
643 359 668 407 3
696 375 706 387 .
745 338 763 404 [
802 340 925 386 Huic
967 336 1199 399 Plutarchi
1238 334 1545 382 emendationi
1583 335 1800 384 consensit
1837 338 1994 385 deinde
2032 357 2209 391 mecum
2250 348 2327 395 Bi.

365 411 545 457 marelus
584 411 642 458 V.
679 410 733 455 C.
772 410 857 454 col.
893 424 926 467 4
964 408 1021 453 D.
1058 406 1104 452 in
1142 421 1259 452 com.
1301 407 1320 451 Ι
1359 403 1496 450 Thes.
1534 401 1674 452 Inscr.
1708 404 2011 465 Muratorii,·
2048 408 2212 460 ultima
2247 431 2326 462 au.

364 491 456 525 tem
498 477 698 527 Βχτῐχτυ
735 475 900 536 syllaba
938 473 1026 520 erit
1063 473 1189 520 artic.
1227 470 1318 528 τέ,
1355 481 1432 517 aut
1468 490 1567 522 ,τους
1601 469 1624 536 J

503 546 617 590 XVI
655 548 853 605 Quando
891 556 1042 590 autem
1080 561 1102 588 e
1146 539 1384 587 Plutarcho
1423 537 1603 586 haurire
1640 541 1873 606 coepimus
1897 580 1909 600 ,
1946 542 2062 591 libet
2098 543 2195 593 eius
2231 563 2329 596 nar-

363 611 551 663 rationis
587 611 742 660 saltem
782 611 972 659 initium
1012 609 1241 658 latinitate
1277 603 1462 655 donare:
1500 610 1719 665 Lentulo,
1759 609 1946 674 inquit,
1985 613 2321 676 Vatiagladia-

363 697 502 729 torum
534 681 756 741 familiam
795 686 977 744 Capuae
1014 680 1159 726 alente
1182 713 1194 735 ,
1230 695 1403 741 quorum
1427 677 1633 739 *plerique
1668 679 1794 724 Galli
1830 682 1886 725 <9⁴
1924 681 2117 727 Thraces
2149 697 2270 727 erant
2292 703 2323 740 ‚-

363 769 457 797 cum
494 750 528 796 ii
566 753 736 796 nullum
774 753 825 797 ob
854 750 1031 809 scelus,
1063 747 1142 807 secl
1177 745 1349 792 emtort's
1387 744 1551 791 iniuria
1588 745 1630 790 in
1668 762 1789 792 artes
1816 747 2123 807 gladiatorias
2174 750 2320 797 aueto-

362 819 451 866 rati
484 827 772 866 coercerentur
796 838 815 864 .·
853 816 1025 864 ducenti
1060 833 1199 861 eorum
1237 818 1293 860 de
1325 811 1440 875 fuga
1486 812 1702 865 consilium
1758 814 1952 862 inierunt
1974 849 1986 862 .
2021 820 2126 879 ‚Qua
2158 833 2187 862 a
2220 818 2324 881 qui.

361 886 545 946 busdam
585 888 803 933 molitione
839 885 1040 941 deteela,
1075 882 1457 944 duodeoffoginta,
1495 882 1653 943 quibus
1691 900 1742 928 ea
1769 881 2003 940 suboluit,
2034 883 2193 946 fugam
2235 904 2312 932 ar.

360 957 497 1019 ripere
534 971 810 1017 occupantes,
847 953 1007 1000 cultris
1040 951 1318 1013 verubusque
1352 968 1400 994 ex
1438 952 1624 1011 quadam
1655 950 1818 1011 popina
1877 951 2112 1014 correptis,
2149 952 2315 1002 exsilie-

361 1038 463 1071 runt
489 1058 499 1069 .
534 1026 756 1086 Nailique
793 1023 838 1068 in
876 1023 1028 1068 itinere
1065 1020 1281 1082 plaustra,
1317 1018 1476 1081 quibus
1512 1036 1635 1063 arma
1672 1018 1946 1079 gladiatoria
1983 1019 2027 1065 in
2063 1019 2204 1065 aliam
2258 1022 2319 1067 ci-

360 1093 551 1138 vitatem
590 1092 914 1150 inferebantur,
950 1089 1009 1135 iis
1045 1088 1236 1150 arreptis
1263 1086 1357 1145 sese
1392 1089 1700 1132 obarmarunt.
1737 1087 1812 1133 Ita
1841 1086 1960 1145 satis
1993 1088 2122 1146 firmo
2156 1088 2324 1148 adsese

357 1160 565 1206 tuendum
603 1161 688 1206 loco
723 1172 922 1221 occupato
945 1193 956 1211 ,
994 1155 1012 1216 (
1049 1154 1122 1202 hic
1162 1171 1291 1202 mons
1329 1152 1554 1201 Vesuvius
1591 1152 1682 1201 fuit
1717 1154 1736 1216 )
1771 1173 1791 1200 e
1835 1154 2099 1214 suorummet
2153 1173 2324 1203 numero

357 1229 485 1273 duces
521 1229 665 1290 legere
699 1241 787 1274 tres
818 1260 829 1272 .
864 1229 1030 1271 Eorum
1064 1225 1210 1287 primo
1246 1226 1457 1285 Spartaco
1493 1240 1639 1268 nomen
1673 1221 1766 1280 fuit
1802 1258 1815 1278 ‚
1854 1223 2029 1269 natione
2067 1224 2264 1279 Thraci,
2301 1243 2323 1270 e

354 1298 595 1341 Nomadum
628 1314 814 1356 genere,
849 1294 924 1357 qui
964 1311 1053 1339 cum
1091 1293 1234 1338 robore
1267 1291 1436 1337 virium
1471 1291 1663 1350 spiritus
1701 1289 1897 1352 ingentes
1933 1291 2116 1354 iungens
2144 1328 2155 1346 ,
2186 1292 2326 1347 simul

347 1365 587 1425 prudentia
623 1364 903 1425 modestiaque
929 1359 1070 1422 supra
1096 1358 1227 1418 suam
1265 1359 1542 1405 conditionem
1574 1358 1801 1420 pollebat,
1839 1361 1897 1405 (9⁶
1924 1357 2057 1422 super
2099 1361 2194 1406 haee
2231 1361 2323 1406 cul.

352 1432 439 1477 tior
475 1450 602 1494 quam
637 1447 715 1494 pro
744 1431 830 1490 sua
868 1430 1036 1475 natione
1072 1462 1083 1475 .
1119 1462 1130 1474 .
1169 1465 1180 1478 .
1215 1461 1228 1475 .
1264 1430 1357 1474 Iam
1389 1427 1582 1488 primum
1634 1428 1822 1472 omnium
1876 1426 1933 1472 it's
1965 1462 1979 1484 ‚
2027 1428 2104 1491 qui
2161 1431 2322 1490 Capua

350 1501 415 1545 ad
441 1500 490 1558 se
523 1499 855 1561 persequendum
893 1511 1132 1553 venerant,
1164 1496 1343 1558 sugatis
1417 1494 1670 1556 bellicisque
1710 1513 1850 1541 eorum
1893 1494 2027 1540 armis
2058 1496 2223 1557 potiti,
2259 1497 2318 1542 iis

339 1565 392 1628 se
426 1567 611 1614 libenter
648 1568 885 1614 induerunt
908 1600 920 1622 ,
958 1566 1042 1612 illa
1079 1583 1184 1611 vero
1216 1564 1526 1626 gladiatoria,
1565 1563 1723 1626 quippe
1760 1563 1955 1609 indecora
1989 1580 2037 1607 ac
2072 1565 2319 1622 barbarica,

343 1635 584 1682 abiecerunt
624 1637 708 1682 &c.
747 1636 960 1682 Ceteram
995 1631 1222 1679 Plutarchi
1264 1631 1568 1678 narrationem
1610 1647 1696 1677 non
1734 1647 1851 1694 opus
1907 1629 1965 1677 est
2005 1629 2090 1677 huc
2128 1630 2311 1689 afferre,

343 1702 364 1765 (
401 1721 489 1751 non
526 1703 650 1751 enim
690 1702 734 1750 id
771 1702 949 1766 agimus
984 1702 1001 1764 )
1036 1717 1171 1764 quam
1210 1699 1237 1745 s1
1277 1699 1378 1763 quis
1415 1701 1574 1755 volet,
1611 1699 1770 1762 quanti
1809 1698 1868 1746 est
1905 1697 2070 1745 laboris
2107 1697 2311 1746 nobilem

347 1771 615 1837 scriptorem
654 1769 808 1819 adire?
844 1770 995 1817 Simul
1033 1770 1173 1816 etiam
1215 1767 1452 1831 Appianus
1490 1765 1579 1830 legi
1620 1766 1821 1830 poterit,
1862 1765 1938 1830 qui
1995 1764 2102 1813 satis
2155 1766 2316 1815 diffuse

349 1839 431 1888 lib.
473 1859 490 1890 ι
534 1841 621 1889 τῶν
659 1848 823 1902 εμφυλ.
859 1838 957 1886 eius
992 1837 1101 1885 belli
1139 1835 1373 1884 historiam
1416 1833 1720 1899 persequitur:
1758 1851 1780 1881 a
1819 1852 1910 1900 quo
1949 1833 2032 1880 hoc
2071 1832 2308 1894 discimus,

351 1908 584 1974 postquam
622 1910 897 1956 debellatum
932 1906 987 1953 de
1024 1904 1242 1970 fugitivis
1286 1903 1377 1952 fuit
1415 1940 1427 1960 ,
1474 1901 1548 1949 sex
1609 1901 1757 1948 millia
1813 1920 1968 1950 eorum
2032 1902 2078 1949 in
2125 1902 2319 1967 potesta·-

347 1990 442 2025 tem
481 1976 678 2025 1·eda&os
717 1994 792 2041 per
828 1988 975 2023 totam
1013 1972 1136 2021 viam
1159 2008 1173 2031 ,
1211 1976 1298 2038 qua
1336 1975 1384 2020 in
1421 1973 1595 2019 Vrbem
1633 1970 1728 2019 itur
1773 1988 1796 2020 a
1833 1973 1988 2037 Capua
2029 2006 2043 2029 ‚
2079 1986 2136 2018 ex
2174 1970 2318 2018 inter-

346 2048 473 2094 vallo
510 2045 745 2110 dispositos
782 2042 1062 2109 pependisse.

484 2116 626 2162 XVII
663 2116 835 2160 Verum
872 2113 925 2160 ad
964 2110 1298 2159 Cheronensem
1339 2122 1391 2158 ut
1427 2109 1602 2158 redeam
1626 2145 1639 2167 ,
1675 2108 1765 2158 fuit
1792 2145 1804 2166 ,
1836 2126 1942 2158 cum
1982 2105 2318 2157 verbaillaini-

345 2180 419 2231 tio
453 2183 550 2231 eius
586 2179 859 2230 narrationis
897 2178 1064 2244 posita,
1099 2178 1155 2227 ὧν
1192 2180 1236 2227 ol
1269 2178 1432 2226 πολλοί
1469 2178 1687 2227 Γκλοὶταε
1726 2178 1806 2227 nxz*
1841 2177 2011 2242 Θμᾷκες
2046 2176 2160 2230 ἦσαν
2205 2210 2220 2235 ,
2258 2176 2315 2224 fic

345 2250 695 2318 interpretarer,
732 2260 783 2295 ut
819 2250 1136 2310 Myrmillones
1174 2261 1306 2310 atque
1339 2248 1521 2292 Threces
1558 2258 1783 2293 verterem
1820 2245 1837 2308 (
1874 2261 2008 2310 quam
2032 2242 2189 2291 deinde
2212 2261 2321 2292 con-

343 2320 564 2368 neutram
604 2338 628 2367 a
665 2318 772 2365 viro
807 2316 943 2364 dofi’to
977 2327 1243 2380 occupatam
1287 2313 1557 2377 deprehendi
1595 2315 1612 2379 )
1650 2313 1765 2360 itaut
1804 2330 1891 2360 non
1943 2325 2033 2359 tam
2091 2309 2320 2376 lugitivo-

344 2407 446 2438 rum
486 2388 672 2436 istorum
734 2387 940 2433 nationes
975 2421 990 2441 ,
1039 2400 1173 2448 quam
1231 2401 1316 2447 qua
1364 2381 1410 2428 in
1459 2382 1588 2429 classe
1643 2381 1945 2445 gladiatorum
2001 2378 2318 2439 censerentur,

343 2459 541 2504 Graecus
581 2455 772 2519 scriptor
813 2453 1013 2500 indicare
1064 2451 1299 2499 voluerit.
1337 2448 1512 2497 Scitum
1555 2448 1670 2496 illud
1708 2450 1768 2496 est
1803 2449 2041 2496 Samnitas
2076 2445 2124 2494 in
2148 2465 2193 2493 re
2215 2464 2318 2496 mu-

342 2523 515 2572 neraria
555 2541 642 2570 non
680 2537 772 2569 tam
814 2520 1012 2568 nationis
1044 2555 1057 2571 ,
1094 2536 1231 2582 quam
1286 2517 1462 2582 generis
1514 2517 1817 2582 gladiatorum
1848 2552 1860 2573 ,
1917 2531 2082 2563 nomen
2132 2514 2264 2563 fuiffe
2296 2533 2315 2583 3

338 2592 462 2641 itaut
501 2592 663 2657 opinio
700 2590 752 2636 sit
788 2589 930 2647 Liplii
973 2588 1285 2650 aliorumque,
1320 2585 1580 2649 quicunque
1617 2585 1662 2632 id
1702 2598 1950 2631 armaturae
1972 2600 2110 2648 genus
2130 2582 2314 2642 ferrent,

341 2662 387 2709 8(
426 2660 703 2724 ubicumque
741 2659 926 2704 demum
965 2656 1053 2702 nati
1097 2655 1233 2701 essent
1266 2690 1279 2710 ,
1332 2652 1556 2700 Samnitas
1607 2652 1880 2718 gladiatores
1936 2653 2182 2716 appellatos
2216 2669 2228 2697 ε
2268 2650 2315 2699 id

341 2729 463 2794 quod
503 2733 554 2775 de
593 2727 853 2775 Thracibus
893 2725 978 2771 slve
1014 2722 1273 2770 Threcibus
1314 2738 1493 2787 quoque
1529 2719 1731 2784 intelligi
1771 2720 1919 2783 poffe,
1956 2720 2135 2783 not,76
2174 2735 2315 2782 expo-

338 2814 471 2845 nam.
512 2800 606 2846 Iam
646 2813 753 2842 vero
788 2792 1120 2854 Myrmillones
1152 2789 1327 2837 eosdem
1367 2789 1503 2836 etiam
1542 2790 1697 2835 Gallos
1748 2786 2207 2851 appellatos„Festus
2246 2798 2312 2833 te-

338 2864 500 2916 statur:
543 2865 742 2912 Retiario
782 2900 794 2918 ,
834 2860 1013 2920 inquit,
1049 2858 1270 2919 pugnanti
1307 2857 1528 2904 adversus
1568 2857 1897 2909 Myrmillonem
1939 2869 2140 2901 cantatur
2173 2856 2314 2901 NON

336 2938 424 2980 TE
459 2938 647 2987 PETO,
684 2933 929 2979 PISCEM
962 2931 1144 2981 ΡΕΓΟ,
1181 2929 1337 2988 QVID
1373 2928 1478 2971 ME
1516 2928 1696 2971 FVGIS
1733 2927 1996 2971 GALLE?
2035 2922 2140 2985 quia
2176 2925 2310 2976 Myr-

335 3002 599 3047 millonicum
631 3017 770 3062 genus
807 3011 1059 3044 armaturae
1094 2997 1316 3040 Gallicum
1350 2992 1432 3048 est,
1472 2993 1637 3055 ipsique
1677 2992 1986 3049 Myrmillones
2039 3004 2137 3036 ante
2172 2989 2299 3035 Galli

335 3071 706 3134 appellabantur,
743 3067 788 3117 in
825 3081 1000 3131 quorum
1031 3063 1179 3129 galeis
1209 3060 1349 3126 piscis
1385 3058 1556 3126 effigies
1604 3059 1745 3110 inerat
1781 3093 1795 3108 .
1845 3059 1977 3121 Quae
2014 3056 2130 3107 Festi
2169 3056 2306 3172 xierba

2207 3140 2313 3176 uve·
