2622 3522
718 158 1790 208 DECOLoNtAFzzicE.
2167 172 2229 219 3³⁷

267 226 473 277 tarchum
512 227 560 275 in
596 228 718 289 Syna
741 263 754 283 ,
792 242 935 290 neque
971 226 1084 289 apud
1121 225 1382 287 Appianum
1423 223 1469 270 in
1509 223 1659 286 primo
1697 222 1921 267 bellorum
1957 218 2167 268 civilium
2211 259 2229 279 ,

273 313 355 342 nec
392 298 496 343 dum
537 297 649 361 apud
688 294 826 341 alium
863 292 1094 340 auetorem
1131 290 1316 338 inveni.
1356 290 1455 339 Nifi
1510 290 1629 353 quod
1687 289 1829 336 Iulius
1879 286 2232 351 Exsuperantius

269 361 324 408 de
364 364 493 411 bellis
511 362 601 409 civ.
639 379 732 426 cap·
767 378 815 410 lv
855 360 955 406 ait:
994 361 1139 406 Huius
1177 359 1195 421 (
1232 360 1381 423 Syllae
1417 359 1432 421 )
1470 360 1662 403 ACTA
1689 375 1782 402 cmm
1818 371 1995 401 conatur
2032 359 2227 416 Lepidus

270 430 314 475 in
345 432 428 488 suo
469 432 696 489 consulatu
753 431 1214 482 SVBVERTERE‚
1251 444 1399 472 contra
1437 426 1641 484 collegam
1679 425 1888 468 Catulum
1924 423 2055 468 civile
2100 438 2227 484 proe-

269 497 378 542 lium
411 500 539 559 geffit
563 533 574 551 ,
612 498 669 542 <9⁶
704 499 911 543 VICTVS
953 499 1100 540 EST.
1138 497 1254 540 Nam
1291 493 1561 553 congregatis
1601 492 1657 537 iis
1696 492 1737 535 {n
1794 508 1967 550 quorum
2022 490 2227 552 P⁰ff⁶²sfi³‘

277 581 350 609 nes
388 582 520 610 novos
556 566 718 610 colonos
755 566 804 608 de
834 562 928 619 suis
965 562 1185 606 militibus
1221 562 1366 622 Sylla,
1405 559 1551 605 viflor
1597 557 1773 609 immtstt
1808 574 1821 602 z
1883 558 2120 617 pollicendo
2151 594 2162 614 ,
2186 558 2232 612 Χῖ

274 629 507 690 viciffent,
539 630 585 688 se
620 631 728 677 bona
763 631 911 691 patria
946 628 1236 682 restituturum
1300 631 1394 674 &a
1432 626 1512 671 Sed
1572 623 1736 688 Lepidi
1790 623 1976 670 molitio
2026 626 2229 672 conantis

279 698 430 756 Syllae
469 697 562 743 aeia
601 696 876 751 rescindere,
914 696 957 740 8<
998 695 1225 741 veteribus
1275 692 1584 756 poffessoribus
1631 708 1761 757 agros
1813 690 2041 738 restituere
2077 691 2229 739 infeli·

279 779 378 809 cem
418 763 595 810 exitum
637 762 824 818 habuit,
864 775 912 808 ut
950 779 1006 808 ex
1045 760 1240 808 eiusdem
1281 760 1600 818 Exsuperantii
1639 758 1892 804 narratione
1940 757 2107 805 constat
2134 796 2146 817 ,
2183 762 2229 806 ὃς

277 847 334 877 ex
380 831 620 878 Plutarcho
672 833 714 877 8<
776 828 988 895 Appiano
1021 864 1031 875 .
1083 831 1239 892 Atque
1295 846 1349 875 ex
1393 828 1607 891 Appiano
1644 826 1737 872 iam
1773 839 1824 872 ut
1878 825 2079 873 hauriam
2118 827 2226 874 adeo

280 897 430 957 Syllae
489 898 583 946 aEia
638 896 788 944 eversa
842 915 931 943 non
987 895 1087 942 sunt
1134 932 1148 953 ,
1203 909 1252 942 ut
1289 895 1415 960 regio
1467 897 1593 958 plane
1649 892 1801 940 funere
1851 895 1993 940 elatus
2031 893 2168 941 fuerit
2218 929 2234 941 .

275 963 381 1010 Seio
434 965 486 1012 de
541 966 711 1012 honore
763 964 930 1011 funeris
985 963 1114 1010 fuilte
1164 963 1461 1025 disceptatum
1525 980 1538 1010 ε
1604 966 1651 1011 3<
1706 959 1822 1008 vicit
1881 976 1931 1006 ea
1990 960 2228 1018 sententia,

277 1048 362 1094 qua
415 1031 547 1080 funus
603 1035 737 1096 longe
792 1030 1188 1078 l'umtuosiffimum
1245 1030 1287 1076 ei
1344 1044 1602 1093 apparatum
1655 1027 1746 1075 fuit
1792 1063 1804 1083 ‚
1857 1025 1920 1074 ita
1958 1042 2007 1075 ut
2064 1028 2232 1074 senato-

277 1097 403 1145 ribus
473 1098 815 1147 succollantibus
867 1097 915 1144 in
970 1114 1179 1160 campum
1239 1096 1469 1143 Martium
1522 1097 1676 1142 illatus
1729 1093 1868 1140 fuerit
1909 1131 1921 1150 ,
1980 1097 2055 1143 ubi
2116 1096 2235 1144 solos

277 1182 403 1231 reges
440 1165 622 1231 sepelire
661 1183 757 1212 mos
793 1177 911 1211 erat.
950 1168 1119 1211 Verum
1158 1163 1277 1227 quod
1316 1162 1504 1227 propius
1538 1161 1757 1210 Colonias
1794 1180 1818 1209 a·
1856 1164 1978 1223 Sylla
2025 1163 2236 1211 deduftus

281 1231 447 1296 [μεθιεῖ
486 1253 497 1280 z
539 1234 778 1299 Appianus
816 1234 894 1278 lib.
934 1234 953 1278 Ι
992 1250 1030 1295 p.
1067 1235 1166 1292 418
1204 1230 1409 1285 testatur,
1448 1244 1719 1277 revertentes
1766 1230 1820 1274 ab
1857 1229 2084 1294 exsequiis
2120 1249 2229 1277 con-

281 1298 395 1347 sules
435 1301 658 1364 Lepidum
698 1301 995 1347 &Catulum
1037 1299 1207 1346 mutuis
1242 1296 1460 1345 convitiis
1497 1298 1624 1346 fuiffe
1661 1298 1899 1345 a-ltercatos
1931 1333 1944 1354 ,
2004 1297 2147 1346 divisa
2186 1299 2234 1346 in

281 1383 438 1413 eorum
477 1369 677 1416 favorem
719 1370 881 1415 urbana
919 1366 1214 1414 multitudine
1251 1400 1262 1412 .
1320 1370 1441 1413 Nam
1494 1368 1644 1425 Syllae
1695 1365 1999 1412 infestissimus
2036 1365 2239 1430 Lepidus

278 1435 559 1483 redditurum
602 1436 641 1484 se
677 1435 905 1483 veteribus
943 1434 1251 1499 possessoribus
1287 1450 1416 1497 agros
1453 1431 1670 1491 iaffl‘abat,
1708 1449 1819 1496 quos
1856 1434 1977 1494 Sylla
2033 1435 2241 1481 ademtos

280 1501 512 1551 militibus
546 1503 778 1569 assignarat
815 1539 824 1550 .
872 1504 1091 1563 Ceterum
1153 1501 1325 1548 senatus
1384 1500 1540 1548 ambos
1594 1500 1796 1548 consules
1833 1499 2120 1547 iureiurando
2158 1502 2238 1547 ob·

278 1569 495 1627 strinxit,
532 1590 584 1618 ne
624 1574 742 1619 bello
779 1588 873 1618 rem
912 1570 1229 1626 decernerent,
1266 1586 1315 1615 ac
1354 1570 1527 1617 decreta
1578 1568 1755 1634 Lepido
1814 1567 2051 1632 provincia
2087 1568 2238 1615 Gallia

277 1637 576 1702 transalpina,
613 1640 780 1688 bellum
822 1653 969 1685 tamen
1007 1638 1230 1694 dilatum,
1269 1654 1355 1683 non
1396 1636 1651 1685 restinff‘tum
1693 1636 1781 1683 fuit
1806 1672 1818 1683 .
1857 1639 1975 1683 Nam
2014 1654 2115 1684 cum
2147 1639 2239 1684 Le-

276 1705 437 1768 pidus,
475 1725 609 1770 quem
648 1710 813 1755 bellum
855 1707 943 1752 iam
984 1705 1189 1752 meditari
1233 1707 1376 1768 palam
1417 1704 1554 1762 effer,
1593 1718 1827 1752 revocatus
1864 1721 1885 1749 a
1924 1703 2120 1766 patribus
2161 1722 2237 1750 ur-

278 1773 324 1820 bi
366 1775 517 1838 copias
555 1775 850 1831 admovisset,
887 1773 1070 1836 suosque
1107 1773 1156 1818 ad
1194 1789 1313 1819 arma
1350 1774 1561 1835 capienda
1599 1771 1852 1820 incitasset:
1890 1770 2008 1818 idem
2046 1771 2239 1818 faciente

277 1841 474 1897 Catulo,
513 1859 598 1889 non
638 1847 772 1907 longe
806 1863 829 1891 a
865 1859 1026 1907 campo
1060 1839 1241 1887 Martio
1275 1841 1541 1903 confligitur
1580 1860 1590 1888 :
1628 1858 1712 1905 qua
1750 1857 1895 1904 pugna
1933 1839 2134 1903 Lepidus
2164 1839 2234 1885 vi-

276 1907 373 1955 &us
413 1907 594 1956 traiecit
630 1911 676 1959 in
714 1910 997 1967 Sardiniam,
1037 1907 1110 1955 ubi
1150 1908 1248 1954 tabe
1288 1907 1424 1972 periit
1465 1944 1479 1954 .
1531 1907 1756 1956 Sertorius
1809 1909 1853 1953 3<
1911 1905 2004 1970 ipse
2039 1906 2241 1967 Syllanis

276 1974 516 2034 adversus,
555 1995 658 2041 cum
699 1998 774 2044 per
808 1977 986 2042 aliquot
1024 1993 1160 2024 annos
1196 1975 1241 2022 in
1279 1974 1519 2041 Hispaniis
1565 2013 1577 2034 ‚
1630 1990 1840 2039 tanquam
1882 1973 1929 2021 in
1968 1973 2045 2021 suo
2081 1992 2241 2041 regno,

276 2041 434 2091 fuisset
472 2044 764 2105 dominatus,
803 2048 980 2093 tandem
1029 2062 1052 2091 a
1109 2046 1331 2107 Perpenna
1389 2061 1466 2109 per
1515 2043 1822 2108 proditionem
1871 2041 2124 2092 occubuit:
2160 2059 2242 2089 nec

276 2109 357 2157 diu
397 2112 519 2175 post,
559 2117 778 2180 Perpenna
817 2114 1020 2168 sublato,
1057 2128 1218 2160 omnes
1257 2111 1381 2159 illius
1429 2111 1623 2161 incendii
1678 2109 1862 2157 favillae
1909 2109 2088 2174 penitus
2137 2110 2240 2158 sunt

275 2178 538 2227 restinffle.
576 2183 646 2231 Ita
683 2202 763 2231 nec
802 2185 951 2243 Syllae
987 2180 1083 2228 aeia
1117 2179 1295 2245 quando
1348 2181 1557 2245 abrogata
1608 2178 1778 2227 fuerint
1834 2176 2036 2241 percipio
2073 2214 2087 2226 .
2135 2180 2242 2224 Imo

272 2246 442 2294 Cicero
477 2267 542 2296 or.
580 2269 660 2315 pro
695 2253 766 2298 do.
789 2266 916 2316 n.3o
954 2248 1149 2295 affirmat
1187 2246 1259 2294 sua
1295 2246 1434 2294 etiam
1472 2260 1616 2296 aetate
1653 2261 1800 2294 ratum
1841 2243 2079 2304 mansisse,
2114 2244 2239 2310 quod

276 2317 401 2375 Sylla
437 2316 632 2366 difflator
666 2323 830 2367 tulerat
866 2320 916 2365 de
954 2316 1073 2380 agris
1113 2313 1470 2378 municipiorum
1498 2353 1509 2372 ,
1546 2331 1701 2363 eorum
1741 2313 1963 2362 nimirum
2005 2333 2114 2379 quae
2136 2330 2244 2362 con·

277 2395 346 2430 tra
383 2384 425 2430 se
461 2385 696 2446 steterant,
733 2385 987 2435 adimendis
1029 2420 1041 2439 ,
1095 2386 1139 2431 8<
1196 2383 1400 2431 colonias
1452 2383 1736 2448 potiffimum
1795 2385 1848 2429 ab
1885 2398 1939 2428 eo
1976 2381 2245 2429 constitutas

276 2451 396 2514 quod
434 2453 624 2511 attinet,
660 2473 889 2520 nunquam
932 2450 1103 2499 milites
1141 2451 1193 2498 ab
1232 2467 1286 2496 eo
1321 2451 1499 2499 deduffi
1539 2452 1591 2498 ab
1629 2449 1854 2515 affignatis
1893 2449 1970 2497 fibi
2021 2447 2248 2516 possessio-

275 2517 409 2565 nibus
445 2519 804 2576 suntxdeturbnti
829 2558 839 2569 .
878 2521 970 2570 His
1005 2518 1205 2574 accedit,
1241 2518 1361 2583 quod
1398 2536 1501 2567 cum
1557 2519 1719 2565 Rullus
1774 2535 1940 2566 novam
2004 2515 2246 2566 deduelio·

275 2600 379 2632 nem
417 2590 619 2653 Capuam
658 2592 932 2648 moliretur,
968 2587 1087 2635 inter
1136 2584 1248 2650 legis
1304 2587 1431 2634 illius
1489 2586 1635 2651 capita
1691 2585 1776 2634 hoc
1832 2598 1925 2633 erat
1949 2622 1962 2643 ,
1999 2599 2049 2634 ut
2084 2583 2184 2649 agri
2221 2601 2247 2631 a

275 2652 471 2701 Sullanis
510 2656 827 2720 possessoribus
862 2657 973 2704 emti
1014 2653 1146 2702 novis
1183 2654 1362 2701 colonis
1397 2653 1710 2702 dividerentur
1733 2689 1744 2701 .
1780 2654 1990 2702 Testatur
2026 2654 2112 2700 hoc
2154 2652 2242 2700 Ci-

275 2735 380 2766 cero
416 2722 464 2769 in
509 2740 560 2771 11
606 2726 799 2788 Agraria
836 2744 878 2774 n.
916 2724 1004 2790 36.
1043 2728 1128 2779 Vt,
1164 2721 1317 2786 inquit
1340 2757 1353 2779 ,
1391 2722 1635 2779 inv‘dz‘ol'os
1670 2739 1795 2780 agras
1830 2725 1894 2768 ,A
1920 2725 2235 2771 SVLLANIS

272 2791 765 2840 POSSESSORIBVS
802 2829 813 2841 .
851 2828 863 2841 .
900 2829 911 2839 .
948 2794 1197 2847 EMT05·‚
1231 2791 1387 2853 quanti
1419 2790 1633 2846 velletis,
1665 2792 1820 2852 populo
1870 2794 2065 2837 Romano
2102 2789 2234 2834 indu-

272 2857 448 2903 ceretis.
485 2860 564 2905 An
600 2876 688 2907 non
728 2859 953 2925 intelligis
1006 2859 1211 2906 Sullanos
1258 2857 1433 2905 milites
1490 2855 1677 2904 servasse
1726 2855 1900 2920 semper
1955 2855 2242 2922 possessiones

271 2920 400 2970 suas:
440 2942 490 2972 ac
528 2943 581 2973 ne
617 2940 715 2975 tum
754 2929 966 2994 quidem,
1002 2943 1105 2974 cum
1146 2926 1342 2983 Rullus,
1379 2924 1471 2991 qui·
1498 2923 1539 2971 se
1574 2923 1834 2973 Marianum
1873 2923 1962 2972 esse
2015 2923 2243 2979 iaetabat,

273 2987 388 3038 alios
423 2994 610 3044 colonos
645 2994 858 3047 inducere
893 2995 1240 3062 aggrederetur,
1277 2991 1363 3041 hoc
1415 2990 1683 3060 pertendisse
1721 3028 1740 3054 ‚
1788 3004 1839 3041 ut
1888 2991 1987 3059 agri
2041 2988 2245 3104 Sullanciis

2166 3075 2189 3105 a
2222 3073 2259 3105 1-
