2622 3522
357 174 418 222 28
968 165 1772 216 Carvrpn1mv1u:

316 260 319 263 ·
354 237 557 299 stodibus
591 239 651 284 (J
683 235 957 296 satellitibus
995 233 1212 292 adversus
1247 252 1338 280 eam
1375 247 1546 295 egerent
1583 267 1790 281 .....
1827 250 1956 296 agros
1987 232 2193 292 sociorum
2228 238 2319 280 La-

362 308 450 353 tini
489 306 672 350 nominis
708 304 982 364 diviserunt,
1020 305 1076 348 ἔθ’
1112 320 1191 348 vos
1229 302 1271 346 in
1309 317 1376 346 eos
1402 300 1652 362 frequentes
1683 300 1769 359 sub
1796 302 1943 363 signis
1981 302 2039 347 Θ
2092 302 2318 347 ordinibus

357 377 662 420 deduxerunt.
702 374 772 416 Ac
810 370 860 415 de
897 367 1158 416 discrimine
1209 368 1330 415 inter
1383 366 1544 413 civiles
1601 367 1909 431 militaresque
1957 364 2160 413 colonias
2213 366 2320 413 vide

357 439 510 487 Gcefii
551 437 840 500 antiquitates
879 435 1070 502 agrarias
1107 453 1200 498 cap.
1240 451 1266 498 3
1308 432 1386 497 qui
1427 434 1647 480 militares
1683 452 1750 481 eas
1787 434 1966 480 demum
2005 434 2091 479 effe
2125 432 2323 491 definit,

356 525 468 571 quae
508 506 602 551 iure
640 503 859 559 militari,
899 504 1002 551 idest
1042 503 1089 549 vi
1127 505 1171 549 &
1208 501 1345 547 armis
1385 500 1481 548 sunt
1520 501 1758 548 dedufiiae:
1802 515 1850 547 ut
1887 501 1968 547 sint
2004 500 2180 547 eaedem
2210 517 2318 563 quas

351 573 560 619 dedufflas
596 590 620 617 a
658 571 966 618 (libritoribus.
995 570 1151 617 scribit
1188 569 1422 633 Hygimus
1458 602 1468 612 .
1524 571 1642 615 Nam
1685 568 1711 613 Γι
1752 567 1965 614 militaris
2016 585 2063 614 ea
2120 568 2171 613 fit
2205 603 2217 624 ,
2268 567 2319 614 in

350 658 483 704 quarn
527 641 661 686 miles
697 638 986 685 vetet-anusve
1026 636 1256 691 mittitur,
1298 638 1467 681 multae
1503 649 1603 682 ante
1641 637 1808 696 Syllam
1870 634 2131 681 :HEt-atonem
2195 633 2318 680 mili-

351 720 466 754 tares
503 707 826 770 invenientur3
867 706 1007 752 veluti
1046 721 1148 750 cum
1191 704 1237 750 in
1274 702 1497 749 frontino
1534 702 1702 765 legitur
1757 703 1979 749 veteranis
2037 704 2134 765 lege
2192 703 2318 748 Sem-

351 774 544 839 pronia,
586 790 696 837 quae
734 775 883 834 Syllae
920 772 1184 818 <inflaturam
1225 769 1483 827 antecessit,
1521 769 1786 833 affignatum
1843 786 1998 833 agrum
2052 767 2318 814 Abeffinen-

349 843 470 899 sem,
508 843 552 889 δε
591 840 988 887 ferentinensem:
1027 841 1070 884 δε
1111 837 1341 901 ceteroqui
1378 839 1527 900 negari
1565 855 1653 883 non
1694 837 1832 901 potest
1873 854 1960 883 non
2002 835 2152 882 minus
2192 834 2315 882 mili-

348 921 471 966 tem,
507 927 640 973 quam
678 908 819 953 alium
860 907 1011 953 civem
1050 908 1235 952 Senatus
1272 903 1541 950 auetoritate
1572 940 1585 962 ,
1639 917 1714 951 aut
1766 903 2004 968 plebiscito
2058 902 2212 951 deduci
2266 902 2316 949 in

349 975 549 1023 colonias
586 974 802 1040 potuifle.
843 977 997 1037 Atque
1035 973 1137 1019 baec
1175 973 1228 1018 de
1265 970 1445 1018 colonia
1484 970 1857 1020 Iulia.Ceterum
1897 983 2060 1033 quarto
2096 971 2187 1035 post
2213 987 2313 1017 eam

349 1044 584 1091 deduRam
622 1060 765 1097 anm,
804 1039 1078 1088 Marcellino
1114 1041 1156 1085 8<
1198 1038 1413 1103 Philippo
1464 1038 1551 1086 cos.
1607 1040 1658 1086 de
1716 1056 1763 1086 ea
1816 1037 1994 1100 colonia
2046 1037 2315 1085 infirmanda

351 1111 402 1159 in
443 1110 592 1158 senatu
631 1110 689 1157 est
726 1109 874 1156 aestum
898 1144 908 1155 .
946 1107 1065 1155 Vide
1103 1123 1215 1170 quae
1255 1106 1301 1152 in
1338 1122 1434 1152 eam
1474 1105 1739 1153 sententiam
1780 1117 1926 1152 narrat
1980 1104 2317 1152 Freinshemius

347 1177 396 1225 in
435 1178 651 1244 supplem.
705 1178 813 1226 Liv.
856 1176 935 1223 lib.
975 1192 1064 1222 clv
1088 1212 1097 1230 ,
1139 1191 1232 1237 cap.
1270 1175 1349 1230 88,
1376 1191 1488 1237 quae
1526 1174 1631 1237 quia
1668 1177 1798 1222 nullo
1835 1172 1946 1220 teste
1987 1172 2193 1220 adhibito
2250 1172 2316 1218 af·

345 1245 465 1302 fert,
504 1264 594 1293 non
632 1245 716 1292 huc
753 1241 966 1291 adtexui:
1002 1260 1104 1290 nam
1144 1241 1189 1288 in
1227 1258 1293 1287 or.
1331 1242 1383 1287 de
1421 1241 1565 1305 arusp.
1601 1241 1709 1304 resp.
1747 1259 1859 1307 quae
1912 1240 1962 1286 ad
2019 1257 2141 1287 oram
2202 1237 2314 1286 libri

344 1330 370 1360 a
408 1314 510 1361 viro
547 1330 710 1376 magno
747 1313 939 1367 citatur,
978 1310 1094 1357 nihil
1133 1311 1222 1355 tale
1260 1308 1536 1355 invenitur.
1589 1309 1813 1373 Epistolae
1865 1307 2016 1373 potius
2074 1306 2313 1354 Ciceronis

346 1380 665 1428 Freinshemio
701 1379 904 1426 citandae
939 1377 1145 1431 fuerant,
1184 1389 1282 1422 tum
1323 1378 1343 1421 Ι
1402 1394 1470 1439 ep.
1514 1374 1617 1422 farn.
1653 1395 1686 1440 9
1725 1390 1821 1423 turn
1860 1376 1996 1423 etiam
2055 1376 2100 1422 11
2147 1375 2199 1422 ad
2248 1378 2318 1438 Q.

345 1451 423 1496 Fr.
463 1465 483 1497 1
527 1450 656 1509 Quae
694 1446 783 1493 iarn
822 1448 920 1493 loca
957 1444 1030 1492 hic
1067 1443 1245 1495 reci-tari
1285 1459 1444 1507 operae
1482 1444 1677 1507 pretium
1719 1444 1888 1493 fuerit.

486 1517 692 1562 XXXVI
712 1515 894 1562 Primus
916 1550 928 1570 ‚
950 1530 1085 1576 quem
1125 1510 1312 1560 invenio
1351 1511 1403 1556 de
1440 1528 1547 1574 agro
1568 1513 1806 1576 Campano
1829 1509 2026 1559 retulisse
2045 1508 2315 1566 ,fustilud-

348 1582 608 1648 liusLupus
636 1583 743 1630 trib.
767 1584 826 1644 pl.
850 1582 1047 1628 Lentulo
1082 1582 1125 1626 Sc
1165 1580 1362 1626 Metello
1396 1577 1480 1625 cos.
1518 1591 1728 1626 extremo
1764 1596 1911 1627 anno:
1950 1595 2036 1641 qua
2070 1578 2120 1624 de
2143 1594 2188 1623 re
2208 1576 2316 1624 haec

349 1650 484 1699 habet
521 1651 688 1697 Cicero
727 1651 774 1696 II
827 1650 877 1695 ad
917 1650 978 1708 Q
1019 1650 1090 1693 Fr.
1134 1663 1151 1694 1
1195 1651 1313 1692 Sane
1341 1645 1590 1708 frequentes
1621 1649 1819 1706 fuimus,
1855 1648 2021 1692 omnino
2056 1646 2119 1690 ad
2154 1646 2317 1692 ducen-

349 1733 442 1766 tos:
483 1719 499 1780 ζ
534 1718 650 1765 hunc
691 1733 925 1763 numerum
965 1714 1193 1762 Asconius
1230 1713 1278 1759 in
1316 1712 1541 1776 frequenti
1582 1713 1729 1761 senatu
1770 1712 1994 1778 requirit:
2030 1711 2123 1758 Dio
2163 1725 2314 1759 tamen

345 1785 605 1850 Augustum
646 1783 831 1831 sanxiffe
867 1783 960 1839 ait,
998 1795 1048 1828 ut
1085 1800 1105 1828 a
1146 1780 1468 1844 paucioribus,
1505 1798 1638 1843 quam
1679 1778 2022 1846 quadringentis
2058 1781 2102 1825 S.
2122 1781 2177 1826 C.
2217 1777 2316 1827 fieri

349 1855 550 1918 poflent,
591 1871 690 1900 cum
731 1864 856 1899 antea
894 1849 1180 1914 quadrigenti
1221 1847 1299 1912 ipfi
1340 1847 1712 1911 requirerentur.
1756 1851 1911 1914 Pergit
1949 1864 2062 1894 vero
2097 1846 2262 1895 Cicero
2297 1849 2318 1913 )

347 1925 586 1968 Commorat
625 1922 951 1982 expeHationenr
991 1923 1177 1979 Lupus:
1219 1917 1306 1976 egit
1343 1915 1530 1976 cattffant
1567 1919 1670 1980 agri
1708 1918 1928 1979 Campani
1970 1915 2078 1974 sane
2135 1935 2318 1962 accura-

348 2003 422 2035 te.
459 1990 674 2034 Auditus
710 1989 769 2045 est
804 2003 958 2045 magno
985 1986 1185 2041 silentio.
1224 1984 1472 2029 Materiam
1510 1984 1576 2029 rei
1610 2004 1688 2030 non
1729 1986 1931 2047 ignoras.
1972 1984 2099 2029 Nihil
2136 2002 2186 2030 ex
2243 2002 2315 2029 no-

340 2055 452 2112 stris
489 2056 730 2103 aHionibus
762 2054 1078 2116 praetermisit.
1115 2056 1316 2098 Fuerunt
1353 2052 1551 2097 nonnulli
1585 2053 1721 2098 aculei
1754 2053 1797 2098 in
1835 2055 1888 2097 G,
1925 2050 2178 2113 Caesarem,
2216 2069 2312 2097 con·

346 2125 552 2178 tumeliae
582 2124 626 2169 in
662 2123 853 2171 Gellium
877 2158 888 2178 ‚
927 2121 1279 2182 expostulationes
1315 2136 1404 2164 cum
1444 2119 1617 2177 absente
1651 2117 2051 2181 Pompeio-Cauffa
2079 2119 2176 2177 sero
2208 2133 2309 2181 per-

345 2206 504 2248 orata,
534 2191 785 2249 sententias
815 2190 866 2248 se
902 2204 1160 2251 rogaturum
1183 2188 1404 2249 negavit,
1428 2205 1478 2232 ne
1516 2188 1630 2249 quod
1670 2205 1772 2232 onus
1801 2186 2054 2243 simultatis
2088 2180 2210 2231 nobis
2232 2187 2317 2231 im·

346 2272 547 2322 poneret.
584 2262 656 2304 Ex
684 2258 953 2321 superiorum
991 2270 1225 2316 temporum
1264 2254 1512 2311 conviciis,
1551 2257 1607 2300 (δ”
1645 2274 1694 2302 ex
1726 2254 1949 2315 praese‘nti
1980 2253 2319 2316 silentio,quid

341 2327 524 2386 senum·
554 2325 771 2385 sentiret,
801 2325 849 2382 se
885 2323 1131 2386 intelligere
1168 2322 1313 2367 dixit.
1350 2323 1469 2367 Milo
1505 2322 1636 2384 coepit
1674 2323 1936 2370 dimitteree
1968 2324 2080 2366 Tum
2118 2323 2316 2366 Marcel-

347 2393 498 2449 linus,
534 2393 622 2438 noli
644 2428 656 2448 ,
693 2395 839 2455 inquit
865 2428 876 2445 ,
914 2411 964 2437 ex
999 2392 1298 2435 taciturnitate
1334 2389 1501 2446 nostra,
1539 2393 1659 2451 Lupe
1681 2425 1692 2445 ‚
1730 2390 1836 2452 quid
1868 2404 1948 2435 aut
1979 2391 2208 2450 probemus
2243 2390 2317 2436 hoe

356 2473 541 2520 tempore
567 2495 580 2517 ‚
615 2475 692 2506 aut
728 2462 1036 2521 improbemus,
1071 2459 1269 2502 iudicare
1291 2492 1302 2502 .
1339 2460 1464 2517 Ego,
1500 2459 1613 2519 quod
1661 2459 1725 2503 ad
1769 2475 1832 2502 me
1867 2456 2025 2501 attinet
2061 2490 2074 2510 ‚
2124 2455 2318 2517 idemque

352 2529 546 2573 arbitror
581 2542 768 2582 ceteros,
808 2528 959 2572 idcirco
996 2541 1136 2579 taceo,
1174 2525 1286 2586 quod
1321 2542 1401 2568 non
1439 2524 1624 2579 existimo
1661 2560 1674 2580 ‚
1729 2542 1819 2569 cum
1872 2522 2102 2584 Pompeius
2154 2523 2267 2578 absit
2305 2557 2322 2582 ,

347 2595 537 2657 caussam
580 2595 679 2643 aori
715 2594 934 2658 Campani
969 2593 1047 2655 agi
1084 2591 1338 2636 convenire.
1373 2596 1482 2636 Tum
1519 2592 1600 2637 ille
1634 2591 1677 2647 fe
1705 2591 1904 2649 senatum
1942 2592 2131 2652 negavit
2166 2605 2318 2637 tenere.

486 2662 718 2707 XXXVII
745 2665 884 2707 Anno
906 2659 1111 2722 sequente
1130 2657 1431 2713 ,Marcellino
1450 2660 1494 2706 8<
1519 2656 1738 2721 Philippo
1757 2657 1845 2704 cos.
1868 2657 2034 2702 iterum
2058 2657 2209 2703 eadem
2249 2672 2320 2703 res

348 2725 882 2792 agitata‚decretumque
919 2727 985 2774 uti
1003 2724 1168 2773 Cicero
1205 2724 1430 2788 frequenti
1469 2725 1617 2772 senatu
1654 2725 1708 2772 de
1742 2742 1851 2789 agro
1867 2725 2104 2788 Campano
2123 2722 2323 2770 referret.

352 2794 506 2841 Testis
545 2794 637 2857 ipse
674 2795 841 2842 Cicero
879 2796 900 2840 Ι
942 2811 1008 2857 ep.
1045 2810 1077 2855 9
1115 2793 1315 2838 Lentulo
1353 2793 1408 2839 fic
1447 2793 1641 2840 scribens
1675 2809 1685 2837 .·
1721 2793 1845 2854 ‚Quin
1881 2793 2011 2838 etiam
2049 2792 2319 2838 Marcellino

346 2864 403 2907 (9·
440 2865 653 2924 Philippo
688 2863 763 2921 cos.
799 2863 921 2909 nonis
957 2860 1145 2921 =A'prilis
1182 2860 1290 2905 mibi
1322 2862 1380 2918 est
1409 2861 1590 2919 senatus
1627 2860 1847 2919 assensus,
1884 2872 1933 2904 ut
1967 2859 2020 2905 de
2053 2875 2158 2921 agro
2192 2861 2320 2903 Cam-

344 2942 461 2990 pano
492 2930 714 2992 frequenti
744 2929 901 2987 senatu
934 2929 1081 2974 idibus
1119 2928 1267 2973 Maiis
1305 2927 1532 2986 referretur
1565 2960 1577 2972 .
1625 2928 1734 2985 Quo
1789 2937 1938 2973 tamen
1991 2924 2067 2972 die
2125 2924 2319 2970 relatum

346 3011 440 3042 non
476 2995 561 3044 effe
599 2995 754 3044 scribit
791 2994 883 3060 ipse
936 2996 988 3042 ad
1026 2994 1208 3041 fratrem
1266 2993 1346 3042 lib.
1382 2995 1428 3042 11
1463 3010 1532 3059 ep.
1566 3010 1598 3060 7
1633 2994 1801 3055 Quod,
1831 2990 2024 3059 inquit,
2077 2991 2224 3040 idibus
2259 2992 2320 3036 (9-

2243 3070 2323 3122 pv·
