2622 3522
741 181 1353 231 DaConoura
1423 183 1723 233 Ivrrai
1903 208 1907 217 .,
2173 202 2237 251 23

262 247 361 295 vit.
401 247 573 297 Deinde
611 258 732 296 mota
771 250 852 296 illa
888 247 933 296 in
973 248 1242 297 Ciceronem
1282 249 1543 312 tempestas,
1579 268 1691 314 quae
1727 249 1862 298 illum
1910 249 2049 301 exilii
2085 257 2230 301 causta

259 313 405 362 solum
450 332 621 364 vertere
675 310 861 379 coegit.
898 318 1055 380 Atque
1091 318 1195 364 haec
1230 316 1320 363 fere
1359 316 1592 372 Annianus
1623 354 1634 364 .

400 387 530 431 XXV
558 384 658 429 ¹Sed
699 401 835 430 nemo
867 385 1116 433 accuratius
1151 382 1304 430 Dione
1336 383 1652 432 Caffiostatim
1678 386 1885 434 abinitio
1910 385 2230 437 librixxxvnt

259 447 373 498 hanc
414 463 558 499 totam
598 451 825 497 historiam
864 451 1092 507 illustrat,
1131 450 1209 514 qui
1246 453 1292 497 δε
1329 451 1458 499 illam·
1495 453 1698 499 Caesaris
1735 454 2033 503 calliditatem
2073 455 2236 519 aperit:

260 516 341 580 qui
381 535 483 565 cum
523 535 671 566 revera
712 518 859 580 plebis
892 516 972 564 fibi
1005 519 1183 566 animos
1216 517 1426 566 adversus
1457 520 1700 584 optimates
1736 521 2007 570 conciliatos
2045 523 2127 569 hac
2165 525 2229 569 le-

264 600 320 647 ge
355 597 565 647 cuperet,
598 583 915 632 au&oritatem
953 598 1101 632 tamen
1146 585 1429 647 ,optimatum
1465 623 1477 644 ,
1530 587 1882 652 consensumque
1939 589 1987 637 in
2035 589 2232 648 speciem

262 652 519 714 requirebat
556 650 945 716 praeferebatque,
982 665 1076 699 tota
1114 652 1360 700 molitione
1393 653 1457 700 ita
1496 654 1733 720 disposita,
1772 668 1822 702 ut
1857 674 1911 704 ne
1933 658 2102 704 occasio
2129 656 2234 721 qui·

262 715 364 764 dem
404 716 734 767 contradicendi
774 718 831 765 iis
867 719 1098 767 afferretur
1123 754 1136 766 .
1169 722 1289 768 Nam
1329 719 1392 767 ita
1427 721 1480 770 de
1517 740 1625 787 agro
1660 722 1903 771 dividendo
1932 725 2077 789 Iegem
2100 725 2233 784 tulit,

263 796 317 830 ut
355 803 410 834 ne
447 785 692 833 minimum
732 785 914 849 quidem
956 785 1006 832 in
1040 804 1087 834 ea
1124 786 1531 850 reprehendendum
1570 789 1884 848 inveniretur,
1922 792 1982 838 ob
2026 809 2096 839 eas
2131 809 2234 840 cau*-

261 849 326 900 sas
362 871 473 918 quas
508 852 648 900 initio
684 852 762 898 lib.
800 870 1028 902 xxxv111
1076 854 1170 901 Dio
1207 855 1629 920 exequitur.Quid
1664 871 1817 906 autem
1855 858 1969 907 illud
2004 858 2232 924 est,quod

264 920 365 968 Dio
401 918 669 986 subiungit?
709 926 880 967 Omnem
916 937 1093 979 autem,
1130 921 1287 985 inquit
1329 959 1340 980 ,
1393 925 1640 988 regionem,
1696 945 1812 990 quae
1854 928 2038 990 publica*
2078 928 2235 992 populi

265 993 328 1035 R.
363 1002 481 1044 erat,
518 1002 686 1051 excepto
721 1005 824 1050 agro
864 992 1089 1049 Campano
1121 989 1138 1046 (
1173 991 1283 1036 bunc
1321 991 1424 1054 ret'p.
1460 1007 1668 1039 exemtum
1702 997 1751 1041 ob
1785 994 2095 1057 praestantiam>
2137 1014 2233 1043 cen-

257 1054 356 1114 suit
393 1056 724 1120 relt'nquendum
763 1056 779 1118 )
820 1056 976 1110 divisit
1012 1059 1103 1103 &a
1139 1057 1323 1104 Turbat
1357 1057 1483 1106 enim
1520 1076 1631 1107 vero
1668 1059 1742 1107 hic
1790 1061 1914 1119 Dio,
1968 1074 2101 1128 atque
2139 1060 2236 1124 ipse

188 1146 191 1148 v
264 1119 406 1170 etiam
443 1123 520 1171 fibi
559 1122 607 1170 in
644 1121 731 1170 fine
768 1120 901 1169 huius
936 1121 1210 1170 narrationis
1241 1125 1513 1173 contradicit
1540 1163 1551 1183 ,
1587 1127 1662 1174 ubi
1702 1128 1863 1176 diserte
1899 1145 2059 1194 agrum*
2094 1130 2238 1177 Cam-

266 1205 430 1254 panum
469 1189 667 1254 patribus
704 1202 939 1236 ternorum
978 1189 1241 1252 pluriumve
1277 1191 1525 1241 liberorum
1565 1194 1716 1243 datum
1774 1195 1913 1243 tradit
1943 1233 1954 1244 .
2003 1196 2085 1244 Sed
2143 1214 2243 1260 quo

266 1256 516 1320 pafib'nec
551 1255 655 1304 aliis
691 1256 816 1313 Dio,
854 1274 932 1303 nec
974 1256 1050 1304 fibi
1090 1275 1227 1321 porro
1263 1258 1357 1322 ipse
1390 1260 1671 1321 adversetur,
1708 1275 1885 1329 praeter
1916 1281 1966 1311 ea
2007 1281 2125 1329 quae
2157 1282 2240 1312 no·

264 1333 310 1370 ta
352 1340 410 1373 12
449 1324 642 1380 monui,
680 1323 828 1370 dicam
870 1322 1007 1371 etiam
1047 1323 1125 1373 suo
1161 1327 1264 1373 loco
1299 1326 1534 1393 deinceps.
1574 1330 1783 1379 Goe'sium
1840 1348 1953 1380 vero
2009 1333 2239 1381 censorem

269 1388 370 1439 sane
404 1409 537 1455 quam
574 1390 923 1439 morofiffimum
961 1410 1052 1456 quo
1090 1392 1221 1457 paRo
1257 1394 1607 1445 excusabimus?
1638 1399 1718 1463 qui
1757 1416 1865 1447 cum*
1921 1398 2041 1464 le'gis
2094 1400 2243 1447 Iuliae

268 1458 491 1523 Agrariae
525 1458 671 1523 capita
709 1457 787 1504 fibi
826 1458 1076 1524 colligenda
1115 1459 1355 1519 sumfiffet,
1394 1464 1599 1528 primum
1651 1464 1837 1531 quidem
1895 1479 2034 1532 caput
2067 1466 2124 1514 sic
2166 1483 2247 1531 po.

266 1524 357 1573 suit
380 1561 393 1580 ,
429 1539 480 1574 ut
514 1544 617 1592 ager
649 1530 912 1592 Campanus
948 1525 1258 1591 exciperetur,
1297 1547 1375 1577 nec
1413 1548 1524 1579 vero
1558 1550 1756 1598 unquam
1795 1532 2006 1599 deinceps
2055 1533 2109 1581 de
2147 1536 2248 1583 eius

266 1592 489 1641 divisione
528 1593 768 1641 meminit:
809 1592 907 1641 imo
941 1596 987 1642 3<
1025 1594 1241 1643 xx-viros
1278 1598 1442 1646 ceteris
1475 1599 1597 1665 agris
1622 1636 1636 1656 ‚
1662 1612 1858 1666 excepto
1897 1619 2008 1667 agro
2046 1605 2248 1666 Campa·

264 1670 326 1736 no
365 1697 378 1719 ,
433 1661 689 1710 dividendis
725 1659 906 1709 adhibet
937 1679 1094 1728 :quae
1127 1661 1228 1712 sunt
1282 1662 1515 1718 α’σύςατσι
1551 1701 1568 1715 .
1601 1667 1725 1718 Vide
1757 1669 1969 1719 auffiores
2015 1669 2085 1719 rei
2121 1687 2244 1738 agra·

269 1743 363 1776 riae
400 1747 441 1793 p.
478 1746 594 1795 350.

403 1800 566 1845 XXVI
604 1799 655 1850 In,
693 1795 790 1846 eius
825 1796 941 1861 legis
976 1796 1211 1862 rogatione
1249 1798 1386 1847 etiam
1426 1799 1478 1849 de
1514 1801 1795 1855 divisoribus
1826 1803 2052 1854 adieffium
2111 1805 2247 1856 fuifl‘e

266 1875 399 1928 caput
438 1865 532 1912 Dio
567 1865 764 1912 affirmat
791 1902 802 1923 ,
839 1882 953 1930 quos
989 1865 1159 1930 viginti
1200 1883 1389 1915 numero
1428 1869 1516 1919 effe
1547 1871 1760 1932 iubebat,
1798 1884 1850 1920 ut
1887 1875 2038 1936 plures
2074 1873 2121 1921 in
2164 1876 2246 1923 ho-

269 1931 395 1980 noris
431 1946 600 1997 partem
642 1933 888 1981 venirent:
921 1950 945 1979 a
983 1951 1177 1998 quorum
1216 1952 1403 1982 numero
1425 1935 1510 1985 sele
1557 1938 1749 1998 exemit,
1765 1958 1821 1990 ne*
1851 1939 1963 2004 quid
2009 1942 2072 1990 sui
2113 1942 2253 2009 ipsius
2298 1939 2304 1942 ⁷

271 1999 413 2047 caussa
451 2001 685 2048 decernere
723 2012 989 2065 putaretur.
1028 2004 1151 2066 Ergo
1184 2019 1287 2050 cum
1325 2016 1469 2067 patres
1506 2008 1651 2071 probe
1684 2007 1779 2057 iam
1835 2008 2153 2074 perciperent,
2191 2028 2242 2059 ac

267 2079 532 2116 vererentur
566 2067 779 2133 quorsum
817 2068 914 2116 eius
953 2067 1067 2133 Iegis
1101 2067 1255 2117 exitus
1288 2071 1511 2130 evaderet,
1534 2073 1758 2124 nimirum
1795 2075 1849 2123 ad
1884 2075 2249 2128 dominationem

267 2134 448 2183 Caesari
485 2136 864 2201 comparandam3
901 2147 1057 2184 tamen
1091 2153 1147 2183 ne
1185 2136 1354 2186 hiscere
1389 2139 1573 2204 quidem
1610 2143 1863 2193 audebant:
1895 2146 1944 2193 δε
1977 2146 2064 2194 boc
2099 2145 2248 2210 ipsum

266 2214 368 2250 ante
403 2203 490 2251 alia
526 2203 902 2268 indignabantur,
938 2204 1060 2268 quod
1094 2205 1169 2252 lex
1207 2205 1271 2253 ita
1307 2206 1418 2254 esset
1449 2209 1695 2273 composita
1727 2248 1746 2275 ‚
1798 2213 1922 2261 nulla
1957 2225 2011 2262 ut
2043 2213 2140 2278 ejus
2176 2213 2247 2262 in·

268 2269 493 2319 vadendae
528 2270 626 2318 ansa
663 2271 867 2319 daretur.
902 2274 964 2319 Et
999 2274 1070 2319 M.
1107 2272 1293 2335 quidem
1331 2275 1449 2323 Cato
1487 2295 1592 2324 cum
1630 2279 1780 2344 Iegem
1817 2297 1840 2327 a
1877 2277 1921 2328 se
1957 2299 2049 2329 non
2103 2298 2251 2346 repre·

264 2335 402 2385 hendi
458 2337 640 2403 quidem
695 2338 901 2396 diceret,
956 2351 1139 2404 negaret
1193 2353 1345 2389 tamen
1385 2343 1635 2408 quidquam
1686 2345 1776 2396 effe
1810 2348 2096 2414 novandum;
2132 2348 2251 2398 iuffu

264 2404 463 2453 consulis
500 2425 523 2454 e
562 2406 710 2454 senatu
750 2406 956 2472 abreptus
979 2443 991 2465 ,
1029 2406 1078 2454 in
1115 2425 1340 2456 carcerem
1377 2410 1524 2460 trusus
1560 2412 1659 2482 est‚·
1688 2414 1807 2463 unde
1836 2416 1921 2464 vix
1958 2417 2016 2464 ob
2054 2418 2245 2467 liberam

261 2472 335 2520 M.
375 2474 577 2522 Petronii
613 2475 835 2522 Catonem
878 2474 925 2521 in
962 2492 1183 2523 carcerem
1225 2476 1540 2543 prosequentis
1572 2498 1736 2531 vocem
1773 2484 1832 2533 est
1869 2483 2245 2535 liberatus:cun1

266 2538 454 2604 quidem
492 2541 653 2590 Caesar
690 2540 1051 2607 indignabundus
1084 2542 1347 2604 difflitaret,
1385 2546 1427 2594 se
1463 2566 1554 2597 non
1591 2550 1795 2615 amplius
1827 2552 1883 2600 ad
1916 2551 2114 2601 senatum
2136 2589 2153 2610 ,
2177 2552 2248 2601 sed

268 2606 387 2655 τιτθία
424 2609 478 2656 ad
514 2611 733 2674 populum
771 2622 870 2657 tum
925 2612 981 2660 de
1035 2609 1125 2657 hoc
1163 2647 1178 2669 ,
1228 2623 1327 2660 tum
1367 2614 1421 2662 de
1471 2616 1693 2666 omnibus
1726 2619 1970 2669 relaturum
2012 2621 2116 2684 (14)
2144 2660 2159 2672 .
2195 2620 2251 2670 Id

266 2675 389 2739 quod
424 2676 775 2725 constantissime
810 2676 947 2736 fecit,
985 2677 1218 2727 instrufflis
1250 2680 1426 2730 duobus
1457 2683 1571 2751 legis
1610 2684 1865 2736 suasoribus
1918 2689 2148 2753 Pompeio
2182 2701 2250 2737 at-

263 2758 358 2805 que
395 2744 590 2801 (Nasso,
624 2746 892 2810 quibuscum
930 2746 1122 2809 depofita
1158 2746 1416 2808 fimultate,
1452 2753 1611 2801 omnia
1645 2766 1745 2801 tum
1783 2756 1830 2803 in
1866 2774 2114 2805 commune
2146 2774 2248 2820 age-

270 2807 378 2858 bat:
417 2829 529 2876 quae
564 2828 632 2859 res
669 2812 829 2861 multis
864 2813 1142 2879 optimatum
1179 2814 1322 2863 fraudi
1359 2816 1475 2878 fuit,
1509 2819 1591 2884 qui
1646 2839 1736 2869 non
1771 2825 1880 2872 dum
1931 2842 2009 2873 eos
2066 2822 2248 2872 rediisse

265 2874 318 2925 in
353 2879 545 2945 gratiam
583 2879 887 2929 resciverant.
925 2883 1083 2943 Quare
1117 2899 1223 2931 cum
1261 2884 1592 2945 Caesar-,nihil
1629 2889 1850 2940 Bibulum
1889 2891 1981 2959 legi
2019 2893 2249 2940 oblatran-

301 3012 405 3063 *(¹4)
428 3014 516 3049 Hine
534 3023 721 3060 opportune
745 3017 917 3051 Caesarem
942 3028 984 3052 eo
1006 3018 1143 3053 nomine
1159 3029 1231 3053 car.
1276 3031 1348 3054 non
1369 3022 1545 3070 consulis,
1582 3023 1637 3061 sed
1673 3023 1800 3063 tribuni
1836 3024 1953 3071 pIebis
1974 3025 2091 3063 officio
2111 2971 2250 3064 futigine

277 3064 331 3101 pit
354 3060 572 3108 Plutarchus,
595 3063 684 3108 quod
706 3062 745 3098 in
766 3063 840 3110 lege
863 3064 990 3109 agraria
1012 3065 1234 3112 perferenda,
1276 3065 1447 3104 videraut
1467 3093 1481 3107 .
