2622 3522
778 213 855 259 De
895 211 1116 259 Aromr.
1155 203 1420 257 Cstraavro
1460 222 1520 257 ET
1556 208 1734 259 Lvno.
2155 226 2243 264 ηις

823 280 1090 341 stipataque
1128 275 1305 322 tollitur
1341 277 1433 322 alte

631 344 825 392 Grandis
863 347 908 391 in
947 341 1336 408 angusta-sarcina
1373 345 1634 405 sandapila.

421 414 487 460 XI
523 411 545 478 [
581 415 754 459 Verum
794 411 901 476 quid
939 412 1020 459 fibi
1058 412 1159 457 vult
1208 412 1842 462 AMPHlTl-IEATRVM.
1899 413 2063 463 CVM.
2101 420 2247 469 POR.

296 479 416 527 TIS.
451 481 784 527 POSTICIIS.
821 482 925 528 ET.
961 479 1232 527 OMNEM.
1271 479 1638 526 FABRICAM.
1674 483 1966 531 ARENAE.
2001 487 2087 533 &a
2125 489 2245 552 quod

291 543 341 591 {n
380 545 660 612 syntagmate
712 546 927 595 Gudiano
960 547 1192 602 LXXIV,
1229 563 1256 611 3
1297 544 1492 594 Velitris
1545 547 1595 594 in
1655 546 1918 613 iscriptione
1972 554 2109 615 posita
2166 556 2243 604 sub

255 611 268 631 ’·“
287 614 645 673 Valentiniano,
681 617 726 662 δε
764 617 957 662 Valente
995 611 1192 678 legitur?
1229 611 1358 674 Quid
1393 625 1546 678 portae
1580 615 1832 681 posticiae?
1866 636 1919 668 an
1949 622 2169 682 posticae?
2194 641 2250 674 an

293 681 417 745 quod
455 684 595 746 vulgo
626 702 657 729 a
688 683 878 744 pcsticcio
914 680 1145 729 dicimus?
1181 681 1309 728 Prius
1345 684 1499 730 ma10.
1533 684 1554 750 ]

425 750 518 795 ΧΠ
568 751 725 812 Atque
775 749 879 796 haec
935 749 989 796 de
1041 747 1414 813 amphitheatrali
1463 751 1730 815 apodyterio
1763 789 1775 802 .
1830 756 1980 804 Venio
2032 777 2151 809 nunc
2189 763 2240 810 ad

297 816 487 862 alterum
525 815 722 864 aedificii
762 834 899 881 genus
936 816 984 864 in
1019 815 1344 881 amphitheatri
1402 816 1560 876 usum,
1596 822 1643 868 &
1684 821 1874 886 quidem
1933 825 1980 874 in
2031 829 2244 892 proximo

284 881 511 947 polit-um.
552 886 717 931 Errant
755 884 832 948 qui
856 884 1182 932 subterraneam
1220 883 1544 948 amphitheatri
1577 887 1759 952 specum
1795 892 1847 939 ad
1883 894 2059 942 alendas
2098 898 2246 944 beluas

292 963 600 1014 comparatam
639 951 942 1001 arbitrantur:
979 951 1025 999 id
1062 953 1183 1016 quod
1218 967 1360 1017 nuper
1393 954 1617 1020 Campani
1651 958 1976 1022 amphitheatri
2003 981 2241 1012 cavernam

293 1018 630 1083 contemplatus
667 1037 845 1067 mecum
883 1018 1013 1067 statui
1048 1054 1059 1066 .
1096 1019 1234 1066 Alius
1270 1037 1408 1085 prope
1443 1022 1826 1087 amphitheatrum
1875 1024 2002 1077 loc'us
2048 1031 2137 1079 fuit
2175 1052 2244 1079 ca-

296 1087 496 1133 tabulum
532 1089 780 1152 appellatus
810 1124 823 1145 ,
860 1088 936 1134 ubi
974 1086 1089 1134 ferae
1123 1086 1457 1136 detinerentur:
1490 1089 1589 1138 imo
1625 1093 1670 1139 8<
1727 1095 1778 1141 ad
1835 1097 2150 1146 crudelitatem
2191 1100 2243 1148 in

288 1150 521 1201 bestiarios
559 1154 874 1202 erudirentur.
912 1152 1101 1218 Papias:
1134 1156 1406 1204 Catabulum
1458 1160 1515 1216 est
1563 1160 1767 1221 clausura
1814 1165 2073 1213 animalium
2110 1203 2123 1225 ,
2162 1171 2237 1216 uhi

285 1221 471 1285 desuper
507 1225 684 1286 aliquid
718 1223 901 1269 iacitur:
941 1239 1045 1269 nam
1083 1220 1265 1284 respicit
1302 1222 1431 1279 vocis
1475 1225 1705 1291 originem
1740 1246 1763 1275 a
1798 1232 2080 1282 κατρίδαλλω
2119 1238 2234 1283 deor..

276 1288 375 1349 sum
414 1290 548 1346 ἰαεῐο,
588 1290 699 1338 unde
737 1292 978 1337 catabolum
1015 1287 1107 1336 dici
1154 1289 1369 1338 deberet:
1407 1290 1478 1340 sed
1534 1311 1614 1358 per
1649 1314 1677 1342 v
1714 1294 1940 1362 *scripturn
2001 1301 2237 1351 invenitur

281 1373 452 1420 aeque,
492 1369 542 1404 ut
577 1356 626 1404 in
663 1358 863 1421 antiquis
903 1355 1203 1404 marmoribus
1255 1360 1300 1405 8<
1354 1358 1485 1408 libris
1532 1364 1714 1425 epistula
1773 1383 1851 1430 per
1889 1371 1932 1414 V
1982 1370 2238 1433 plurimum

278 1422 526 1472 scribitur.
564 1427 837 1489 Quanquam
877 1437 1027 1472 autem
1067 1427 1314 1473 rutabulum
1354 1443 1435 1490 pro
1472 1427 1786 1480 iumentorum
1836 1434 2006 1482 stabulo
2040 1437 2089 1486 in
2126 1439 2237 1487 affiis

276 1493 320 1541 S.
358 1491 573 1540 Marcelli
616 1496 752 1557 Papae
787 1494 831 1540 ὃ(
871 1492 1085 1552 martyris
1122 1493 1312 1557 politum
1366 1500 1581 1558 putatur:
1622 1500 1737 1547 unde
1786 1505 2076 1565 catabulenses
2131 1507 2239 1554 Cas·

275 1558 457 1606 fiodoro
494 1559 814 1625 dicuntur.qui
854 1560 1120 1608 stationibus
1157 1560 1308 1608 cursus
1346 1563 1520 1627 publici
1556 1565 1888 1618 destinabantur
1911 1584 2090 1621 :tamen
2128 1574 2238 1623 fuis-

280 1626 323 1674 se
363 1645 500 1692 prope
533 1629 923 1695 amphitheatrum
957 1629 1216 1676 catabulum
1256 1629 1309 1677 ad
1347 1630 1501 1679 bestias
1538 1637 1828 1696 coercendas,
1865 1657 1921 1687 ex
1955 1642 2059 1689 loco
2095 1661 2235 1709 prope

274 1696 562 1760 Campanum
600 1697 1020 1760 amphitheatrum,
1059 1697 1104 1744 &
1144 1714 1281 1761 prope
1319 1701 1473 1747 aedem
1524 1702 1568 1748 S.
1606 1704 1786 1752 Mariae
1831 1707 2077 1771 gratiarum
2104 1746 2116 1769 ‚
2154 1711 2237 1776 qui

279 1762 507 1828 hodieque
544 1766 745 1812 cata-volo
792 1764 987 1822 dicitur,
1026 1764 1275 1822 docemur,
1315 1766 1392 1813 ubi
1444 1769 1490 1815 δε
1553 1770 1722 1819 veteris
1769 1772 1963 1824 fabricae
2013 1778 2233 1843 reliquiae

273 1831 590 1897 perseverant.
629 1831 649 1894 [
686 1836 976 1897 Quamquam
1017 1849 1108 1879 non
1145 1831 1347 1881 diffiteor
1382 1832 1482 1883 fieri
1521 1837 1673 1901 poste,
1711 1854 1760 1888 ut
1797 1843 1844 1891 in
1890 1844 2128 1910 Campano
2164 1866 2236 1895 αἱ,

278 1901 437 1947 τεὼιιὶὀ
472 1899 578 1964 equi
618 1899 833 1948 circenses
869 1901 1180 1948 detinerentur
1212 1937 1225 1958 ‚
1273 1919 1377 1949 cum
1415 1920 1464 1950 ea
1499 1905 1685 1954 demum
1745 1910 1796 1957 sit
1849 1913 1994 1959 masis
2041 1916 2229 1963 vulcam

282 1968 480 2016 catabuli
518 1967 788 2032 significatio
819 1986 829 2015 :
865 1967 1098 2014 Circense-s
1133 1984 1238 2015 vero
1274 1971 1458 2033 Capuae
1493 1971 1624 2020 fui-sse
1661 1977 1907 2027 celebratos
1923 1951 2091 2029 t>dicam
2126 1956 2235 2046 tpro-2

278 2036 414 2083 Ximo
450 2038 598 2099 capite
623 2071 632 2081 .
670 2039 729 2082 Et
761 2049 884 2082 certe
923 2037 1076 2093 locus,
1115 2037 1192 2083 ubi
1231 2036 1346 2085 ferae
1385 2038 1433 2085 in
1469 2039 1598 2089 usum
1635 2046 1933 2094 venationum
1972 2053 2234 2099 co‘e'rceban-

277 2116 380 2160 tur‚
423 2102 650 2150 vivarium
691 2102 879 2165 proprio
937 2105 1159 2151 vocabulo
1202 2103 1436 2154 diceba-tur
1469 2143 1484 2166 ,
1536 2109 1605 2157 uti
1654 2128 1712 2160 ex
1761 2113 2060 2180 inscriptione
2110 2122 2228 2166 anno

282 2188 414 2236 1710
453 2189 588 2234 prope
623 2171 829 2218 Castrum
885 2170 1159 2237 praetorium
1210 2175 1384 2222 Romae
1450 2189 1625 2239 reperta
1693 2181 2043 2242 animadverti,
2093 2204 2230 2250 quam

277 2241 344 2288 H.
382 2242 716 2287 Brencmanrus
755 2242 803 2286 in
849 2240 1094 2303 appendice
1149 2241 1203 2289 ad
1259 2241 1408 2289 fastos
1460 2244 1580 2292 cons.
1628 2249 1818 2298 Relandi
1857 2271 1880 2299 a
1919 2254 2059 2300 Paulo
2093 2255 2234 2302 Alex.

274 2307 471 2355 Maste-io
509 2308 587 2354 rbi
626 2306 1011 2354 communicatam
1050 2308 1180 2356 affert
1217 2308 1266 2354 in
1304 2310 1424 2356 hunc
1458 2313 1673 2363 modum:
1714 2323 1814 2366 Pro.
1848 2325 2007 2368 5.·M.
2038 2324 2235 2371 ..A'ntonfi

276 2376 504 2422 Gordiani.
543 2379 629 2421 Pii.
667 2377 845 2422 Felicis.
883 2382 1011 2437 Aug.
1049 2391 1103 2422 et.
1141 2379 1494 2439 Tranquillinae.
1551 2385 1756 2432 Sabinae.
1803 2391 1932 2452 Aug.
1986 2393 2229 2439 Venatores.

277 2444 456 2490 immun.
495 2463 595 2490 cum.
636 2445 805 2500 custode.
841 2444 1014 2490 vivari.
1050 2449 1177 2490 Pont.
1214 2444 1232 2507 (
1267 2444 1297 2490 i.
1335 2462 1374 2493 e.
1415 2447 1635 2499 Ponticus
1668 2454 1685 2516 )
1721 2457 1878 2503 Venus,
1915 2457 2012 2504 mil,
2044 2460 2230 2507 00h‚V[,

270 2524 345 2573 pr.
383 2513 668 2574 Campanius.
707 2516 859 2558 Verax.
897 2512 1116 2573 mil4cob.
1149 2514 1221 2558 VI.
1254 2528 1324 2575 pr.
1371 2515 1586 2574 Fascius(
1630 2519 1886 2580 Crescentio.
1935 2527 2029 2573 ord.
2066 2525 2083 2589 (
2121 2526 2229 2574 fort.

272 2577 525 2625 ordinarius
560 2583 578 2642 )
615 2579 759 2635 czstos.
795 2580 986 2627 vivarii.
1022 2580 1135 2627 cohh.
1164 2593 1336 2642 praett.
1373 2597 1428 2629 et.
1466 2586 1590 2632 urbb.
1646 2587 1798 2637 Diana
1834 2590 1852 2655 (
1888 2591 2080 2641 rescribe
2117 2594 2230 2643 Dia-

274 2661 353 2692 nae
391 2649 406 2707 )
442 2652 571 2705 Aug.
610 2651 668 2693 D.
704 2650 752 2693 S.
789 2652 890 2694 EX.
949 2651 998 2694 V.
1035 2654 1091 2696 P.
1137 2648 1370 2696 Dedicata.
1425 2656 1526 2701 XII.
1571 2657 1685 2703 Kal.
1741 2663 1860 2706 Nov.
1906 2664 2016 2724 Imp.
2072 2666 2132 2709 D.
2169 2665 2230 2710 N.

274 2716 632 2760 GORDIAA'o.
667 2718 792 2774 «Aug.
828 2721 886 2761 (9⁸
954 2716 1230 2778 Pompeiano.
1268 2720 1359 2765 (55.
1408 2717 1511 2783 (72)
1557 2722 1631 2770 Ex
1686 2724 1770 2772 hac
1820 2743 1930 2774 vero
1977 2727 2226 2794 epigraphe

277 2778 364 2827 hoc
405 2795 624 2844 praeterea
660 2780 929 2830 adducimus
964 2800 1043 2847 per
1079 2800 1175 2829 eam
1215 2796 1404 2831 aetatem
1443 2787 1620 2836 milites
1670 2793 1978 2856 praetorianos
2026 2798 2231 2845 venatio·

272 2847 409 2896 nibus
446 2848 646 2895 addie'cos
682 2849 844 2907 fuifle,
881 2853 926 2897 8<
962 2850 1021 2898 ob
1056 2849 1101 2896 id
1142 2867 1305 2899 munus
1340 2854 1663 2908 IMMVNES
1698 2859 1873 2910 faustos.
1911 2864 1931 2928 ]

407 2918 525 2968 xm
566 2918 764 2965 Demum
800 2917 957 2966 ludum
994 2917 1316 2984 gladiatorium
1355 2919 1373 2984 (
1412 2939 1549 2987 quer-n
1583 2924 1740 2976 suidas
1775 2934 2226 2998 μονομαχοτροφεὶἶον,

1371 2990 1430 3051 Q
2127 3002 2224 3049 He.

319 3083 407 3126 (7²)
430 3081 449 3129 [
472 3085 522 3119 Ad
548 3087 632 3140 hanc
655 3087 902 3142 inscriptionem
926 3087 967 3123 de
985 3088 1119 3124 vivariis
1133 3089 1220 3126 adde
1299 3089 1355 3136 pio
1379 3090 1413 3124 ὃς
1437 3094 1541 3129 Paulo
1566 3096 1703 3133 Maffeio
1730 3098 1766 3133 in
1789 3098 1949 3148 infignem
1987 3100 2234 3147 inscriptionem

275 3134 358 3173 quae
382 3130 480 3167 habet
500 3134 656 3170 Maffmus
687 3144 787 3173 mmo
828 3145 902 3181 pag.
928 3146 990 3179 ²13
1016 3147 1058 3172 ex
1085 3141 1209 3174 Proco-
1231 3147 1237 3153 ·
1285 3147 1369 3178 tom·
1394 3147 1451 3180 12.
1475 3140 1641 3187 ephemer.
1669 3146 1787 3187 Venox,
1811 3144 1832 3192 ]
