2622 3522
690 210 1824 257 DEDEDICATIONIBVS.
2159 213 2224 261 95

264 278 389 345 operi
429 278 607 327 admota
631 313 644 336 ‚
683 278 699 341 (
737 278 1132 333 FABRICATI,
1172 275 1350 340 inquit,
1389 273 1497 321 idest
1518 272 1782 335 coeptiEX.
1809 270 1932 315 DIE.
1958 270 2039 316 ΠΙ.
2065 268 2226 314 NON.

263 349 595 398 APRILIVM
629 348 646 411 )
686 356 782 392 tum
822 362 912 407 quo
948 363 1061 407 opus
1099 343 1459 391 consummatum
1499 340 1587 386 fuit
1623 356 1632 385 ε
1684 355 1783 384 nam
1825 336 1944 399 quod
1983 335 2183 399 sequitur
2221 370 2233 391 ‚

265 416 608 465 DEDICATI.
648 415 741 460 PR.
780 415 936 460 NON.
977 411 1354 458 DECEMBRIS
1383 446 1395 466 ‚
1445 421 1622 470 tempus
1675 404 1855 469 perfefib'
1891 440 1903 460 .,
1958 416 2093 467 atque
2134 401 2233 466 usui

265 484 403 532 dicati
440 481 590 546 operis
628 492 768 528 notat.
808 480 1008 527 Accedit
1040 479 1159 542 quod
1197 477 1396 524 Gallieni
1435 476 1570 527 iuffus
1594 511 1604 529 ,
1640 475 1685 520 8<
1723 471 1953 535 utriusque
1998 470 2235 518 Marcelli-

266 550 314 598 ni
356 549 562 597 instantia
599 550 643 594 ὃς
681 546 855 595 curatio
893 566 982 595 non
1020 546 1112 593 alio
1149 564 1280 610 quarn
1321 545 1380 594 adv
1412 542 1627 591 fabricam
1677 552 1774 587 tum
1833 539 2088 586 inchoatam
2131 552 2230 584 tum

268 616 510 684 perfefflam
550 615 831 671 referuntur,
866 633 952 661 non
990 631 1099 664 vero
1137 615 1186 662 ad
1224 613 1425 677 aliquem
1464 606 1811 659 consecrationis
1847 606 1987 666 ritum
2018 625 2026 652 :
2068 609 2112 654 Sc
2151 606 2235 653 sci-

268 701 372 733 mus
411 702 467 730 ex
506 684 658 748 legum
709 681 1025 730 voluminibus
1076 681 1321 730 civitatum
1381 697 1584 734 muros,
1642 694 1731 722 non
1789 673 1930 721 sacros
1967 673 2126 729 fuisse,
2166 673 2235 720 sed

268 752 470 807 sanffios,
507 750 596 797 hoc
633 748 691 797 est
730 749 961 798 sanoiione
993 749 1315 797 inviolabiles.
1351 750 1481 796 Adde
1517 748 1561 794 &
1598 744 1682 792 hoc
1720 740 1935 806 loquendi·
1969 743 2236 804 genuszsua

262 819 452 886 pecunia
494 818 730 874 declicare,
792 818 917 882 quod¹
964 831 1085 865 certe
1145 835 1235 865 non
1271 817 1413 882 potest
1460 816 1513 863 de
1548 808 2041 874 nxScsoczimintelligi,
2078 809 2094 873 (
2129 809 2238 873 quid

272 886 396 935 enim
437 885 566 932 habet
604 884 791 950 pecunia
827 902 932 933 cum
970 884 1300 934 consecratione
1337 878 1651 944 conimune?)·
1681 878 1752 926 sed
1790 890 1971 925 tantum.
2003 877 2057 923 de
2092 877 2240 924 oneris

276 954 698 1010 consummatione,
735 970 871 1018 quam
910 953 1060 1002 statim
1100 952 1300 1001 eiusdem
1349 952 1450 1001 usus
1497 946 1795 1011 consequitur
1832 981 1841 992 .
1895 948 2011 991 Eam
2045 945 2240 992 locutio·

269 1039 372 1070 nem
415 1020 683 1084 deprehendi
718 1021 832 1087 apud
873 1020 1128 1068 Reinesium
1166 1023 1224 1069 cl'.
1267 1039 1284 1070 1
1310 1040 1376 1076 ,n.
1420 1017 1747 1086 170:STAT.
1784 1015 1884 1060 EX.
1918 1014 2106 1058 AERE.
2133 1014 2176 1058 S.
2193 1014 2241 1057 Ρ.

268 1091 731 1138 DEDICARVNT.
769 1089 1027 1151 iterumque
1064 1092 1214 1136 eadem
1253 1089 1380 1136 claffe
1404 1106 1443 1134 n.
1466 1084 1810 1150 3002GENIO
1827 1082 2240 1129 CENTVRIAE·

272 1159 360 1205 &c.
399 1158 561 1205 SIGN„
587 1158 1054 1204 AEN-SVA.PEC'.
1081 1151 1732 1203 DEDECAVERVNTAEt’
1763 1150 1824 1199 cl.
1856 1164 1884 1197 2
1911 1183 1924 1206 ,
1961 1164 2004 1194 n.
2043 1149 2105 1212 89
2142 1145 2161 1209 [
2198 1147 2245 1193 δε

272 1225 388 1291 apud
429 1227 564 1270 Grut.
603 1240 698 1287 pag.
740 1240 873 1290 174,
912 1243 953 1271 n.
990 1226 1105 1281 8,&
1141 1223 1249 1270 alibi
1289 1222 1568 1287 saepiflimen
1608 1219 1636 1285 ]

411 1295 526 1339 XIV
568 1293 763 1338 Demum
817 1292 862 1338 in
918 1294 988 1339 his
1025 1291 1154 1339 tertiiv
1205 1304 1285 1340 aut
1338 1290 1492 1356 quarti
1546 1285 1708 1336 saeculi
1747 1282 2122 1352 inscriptionibus
2159 1282 2249 1329 fine

270 1362 362 1409 ulla
401 1359 726 1407 controverliaa
745 1361 1091 1408 DEDICARE
1125 1359 1183 1407 est
1224 1360 1353 1407 usum
1386 1357 1593 1407 aedificii·
1623 1354 1840 1402 inchoare
1865 1388 1875 1399 .
1924 1352 2060 1415 Apud
2107 1353 2241 1398 Gtut.

270 1444 316 1495 p.
356 1432 446 1491 178
471 1464 482 1485 ,
520 1443 551 1488 4
605 1429 886 1486 Constantius·
920 1431 980 1475 (9²
1021 1430 1323 1476 Maximianus
1361 1428 1522 1475 invifli
1569 1429 1727 1486 Augg.
1772 1425 1975 1468 severus
2000 1423 2060 1467 θ’
2092 1419 2247 1466 Maxi-

271 1497 446 1544 mianus
474 1493 624 1553 Caess‘.
662 1498 856 1543 thermas
899 1515 1103 1543 ornaverr
1138 1500 1234 1543 ET.
1276 1498 1590 1545 ROMANIY.
1636 1494 1789 1539 sVlsl
1838 1490 2245 1536 DEDICAVER.

272 1563 360 1612 hoc
395 1563 455 1610 est
494 1562 539 1609 in
583 1565 890 1611 Romanorum
930 1564 1057 1611 usum
1099 1563 1500 1612 encaeniaverunt·.
1538 1565 1600 1609 Et
1635 1575 1695 1606 nev
1727 1557 1847 1606 forte
1885 1566 2018 1620 putes
2035 1556 2249 1602 dedican-

271 1633 321 1679 di
358 1631 546 1678 verbum
586 1648 666 1694 pro
701 1632 941 1692 nxffispm'w
982 1632 1175 1695 pofitum
1215 1650 1232 1679 r
1269 1649 1322 1679 en
1358 1644 1409 1681 ut
1445 1630 1605 1679 eadem
1642 1644 1738 1693 pag.
1776 1642 1820 1674 n.
1855 1641 1892 1689 7
1925 1621 2186 1683 consecratio
2222 1637 2246 1668 a

272 1700 546 1747 dedicatione
577 1698 726 1746 sedulo
761 1699 1057 1764 distinguitur
1082 1737 1096 1748 .
1150 1705 1210 1748 D.
1260 1703 1317 1748 D.
1356 1704 1467 1747 NN,
1507 1697 1805 1747 Diocletianus
1842 1694 1904 1739 ἔφ’
1938 1690 2247 1737 Maximianus

275 1768 444 1816 inviHi
467 1767 658 1826 seniores
688 1770 882 1828 Augusti
916 1783 1069 1830 patres*
1098 1770 1401 1832 imperatorum
1436 1770 1498 1815 (9¹
1525 1763 1759 1823 Caesarum
1793 1780 1817 1808 .·
1860 1758 2139 1816 Constantius
2190 1757 2252 1802 (9⁴

276 1835 599 1883 Maximianus
631 1836 795 1882 invifli
828 1840 988 1899 ‚Aug-g.
1019 1842 1078 1884 ἕν’
1113 1842 1307 1884 Severus
1337 1839 1397 1884 (Ὺ
1424 1834 1734 1882 Maximianus
1760 1830 1778 1894 (
1814 1827 2055 1892 legendum
2092 1822 2247 1872 Maxi-

280 1903 434 1950 minus
470 1904 485 1965 )
524 1903 717 1961 nobiliss.
757 1905 968 1964 Caesares
1004 1908 1185 1952 thermas
1211 1905 1362 1963 felices
1400 1900 1669 1952 Diocletiani
1698 1902 1829 1960 Aug.
1866 1895 2034 1955 fratris
2064 1892 2140 1952 sui
2175 1910 2246 1938 no·

276 1972 391 2017 mine
433 1975 827 2018 CONSECRAV‚
867 1974 1023 2032 coeptis
1060 1974 1278 2033 aedificiis
1319 1989 1398 2035 pro
1444 1971 1560 2017 tanti
1608 1968 1745 2029 operis
1793 1962 2099 2026 magnitudine
2135 1959 2248 2006 omni

277 2041 398 2085 cultu
423 2039 637 2101 perfeHas
667 2043 982 2087 ROMANIS.
1007 2046 1156 2088 SVIS.
1191 2043 1508 2088 DEDICAV..
1542 2035 1681 2085 Vides
1716 2044 1766 2081 ut
1800 2041 2004 2079 accurate
2040 2028 2248 2086 consecra-

278 2107 386 2152 tioa
425 2108 687 2153 dedicatione
723 2106 1022 2172 distinguitur
1052 2145 1063 2164 ‚
1112 2126 1166 2155 ne
1215 2107 1336 2155 forte·
1371 2107 1505 2154 unius
1551 2102 1839 2166 eiusdemque
1889 2096 1954 2145 rei
1994 2095 2244 2157 synonyma

278 2172 406 2220 fuisse
446 2187 609 2238 putes,
651 2177 708 2220 Et
746 2173 851 2222 hinc
890 2176 1023 2223 facile
1062 2175 1344 2241 supplebitur
1389 2171 1626 2238 inscriptio
1664 2188 1759 2234 pag.
1798 2185 1926 2232 179,
1969 2181 1987 2213 1
2033 2168 2245 2210 Thermas

274 2241 432 2301 felices
474 2244 747 2289 Diocletiano
779 2258 948 2305 coeptas
990 2246 1074 2291 &c.
1113 2246 1279 2291 numini
1312 2244 1406 2290 eius
1452 2242 1747 2299 consecrarunt
1782 2258 1803 2285 .·
1849 2231 2092 2299 supplenda
2141 2246 2244 2296 por-

279 2326 333 2356 ro
368 2326 479 2373 quae
517 2310 672 2356 desunt
709 2327 718 2356 :
761 2313 818 2356 (9¹
852 2314 1062 2359 Romanis
1085 2312 1188 2371 suis
1224 2312 1574 2358 dedicaverunt.

420 2380 508 2424 XV
548 2378 567 2441 [
611 2382 678 2424 Ex
719 2377 788 2425 his
825 2388 947 2442 patet
983 2379 1113 2426 dandi
1152 2378 1410 2442 casum‚qui
1449 2395 1551 2425 cum
1590 2372 1825 2421 dedicandi
1843 2369 1981 2417 verbo
2019 2364 2248 2414 interdum

281 2441 518 2509 iungitur,
554 2445 672 2492 nihil
709 2446 887 2492 efficere
926 2446 1172 2510 quominus
1208 2442 1468 2494 encaeniare
1507 2440 1754 2509 significet.
1804 2438 1878 2486 Sic
1916 2436 2033 2501 apud
2088 2434 2252 2481 Vitru-

280 2512 406 2559 vium
446 2515 490 2559 ΙΙ
514 2550 525 2570 ,
562 2517 589 2561 8
630 2515 770 2570 Croesi
805 2516 956 2561 domus·
980 2551 993 2573 ‚
1031 2532 1161 2577 quarn
1200 2515 1420 2562 Sardiani
1437 2513 1614 2562 civibus
1653 2511 1715 2557 ad
1749 2505 2095 2571 requiescendum
2137 2517 2255 2549 aeta·

282 2583 344 2626 tis
378 2583 490 2638 otio,
518 2582 734 2640 seniorum
775 2582 952 2643 collegio
998 2583 1202 2643 Gerusum
1243 2583 1590 2638 dedicaverunt,
1623 2577 1742 2626 idem
1781 2575 1905 2622 valet
1939 2570 2061 2638 quod
2100 2585 2258 2634 coepe-

285 2661 393 2697 runt
428 2648 631 2696 addicere
667 2649 683 2711 (
721 2649 766 2698 h.
801 2667 839 2697 e.
895 2649 1274 2699 encaeniaverunt
1308 2652 1325 2715 )
1376 2648 1556 2698 civium
1612 2645 1709 2695 usui
1742 2679 1754 2693 .
1807 2646 1868 2690 Et
1904 2640 2017 2707 apud
2057 2638 2173 2685 Plin.
2211 2634 2260 2684 in

282 2716 419 2781 praef.
457 2728 545 2764 nat.
583 2717 681 2764 hist.
733 2718 956 2765 Dedicavi
992 2718 1079 2766 tibi
1118 2720 1193 2766 bos
1233 2714 1722 2776 libellos-,tantundem
1758 2711 1818 2759 est
1854 2708 1976 2775 quod
2013 2705 2098 2754 tibi
2120 2722 2260 2752 encae-

283 2784 641 2849 niavi,fecique
679 2797 728 2834 ut
763 2785 809 2832 in
849 2797 927 2832 tuo
965 2785 1165 2851 primurn
1204 2786 1390 2835 nomine
1412 2793 1687 2850 apparerent.
1710 2781 1897 2830 Pollux.
1932 2776 2012 2824 lib.
2050 2777 2085 2822 Ι.
2123 2771 2260 2835 segm.

290 2867 343 2900 11
394 2851 513 2899 inter
549 2865 692 2900 cetera
727 2851 1070 2900 dedicandarum
1111 2854 1353 2903 statuarum
1389 2852 1728 2915 synonyma‚&
1764 2847 1850 2895 hoc
1888 2846 2017 2893 affert
2066 2840 2263 2901 ἕγκοιίνι-

285 2940 366 2968 cxc
396 2921 460 2984 τῷ
507 2921 898 2987 Θεῷ,εησαεηίανε
938 2921 1145 2970 Deo.Sic
1184 2924 1229 2971 3<
1265 2921 1477 2969 inchoare
1512 2915 1651 2967 alicui
1687 2916 1800 2984 apud
1838 2911 2008 2978 virgil.
2031 2912 2098 2957 VI
2121 2921 2263 2968 ‚2522

430 2993 541 3035 Tum
579 2991 741 3053 Stygio
774 2990 869 3052 regi
916 2990 1159 3037 noffurnas·
1191 2991 1362 3037 inchoat
1399 3005 1536 3045 aras,
1634 2982 1635 2985 Ἴ

424 3060 489 3104 Et
523 3057 673 3118 solida
709 3056 891 3121 imponit
925 3071 1145 3108 taurorum
1172 3059 1344 3120 viscera
1373 3057 1605 3122 flammis.
2160 3111 2189 3156 s

2193 3125 2260 3158 er-
