2622 3522
708 214 786 258 DE
823 224 1062 260 tumr-oar:
1100 211 1349 259 Exravcrt
1390 211 1815 260 Ammwssmm.
2169 212 2230 258 ὅτ

265 280 483 329 edacitate
520 279 718 328 decertat
766 276 1150 342 amphitheatrum
1188 315 1200 334 ,
1235 296 1324 325 non
1363 297 1384 325 a
1413 283 1566 341 Capua
1604 278 1866 341 αὐτονόμῳ,
1902 276 1969 323 sed
2007 296 2026 323 a
2068 278 2246 323 colonia

265 350 501 395 conditum
549 384 562 404 ‚
618 346 716 394 imo
771 363 860 393 non
912 358 1013 392 ante
1068 345 1224 392 Flavia
1286 358 1491 401 tempora
1530 347 1613 392 lioc
1673 358 1817 390 tantae
1875 343 2244 408 magnificentiae

264 432 378 479 opus
415 414 632 462 exstitisse
673 433 687 479 3
729 431 829 460 cum
890 430 1044 475 capere
1101 413 1153 458 ab
1191 415 1299 460 urbe
1341 413 1543 477 principe
1583 411 1944 475 magnificentiae
1996 415 2207 474 exempla
2237 447 2249 469 ‚

231 501 401 546 .quam
449 484 550 528 dare
586 518 599 538 ‚
655 481 812 528 nostris
876 479 1225 526 convenientius
1279 481 1428 527 fuer—it·
1463 517 1472 526 .
1513 482 1710 526 Accedit
1761 481 1914 526 Taciti
1980 481 2026 527 in
2093 479 2251 527 Otho-

261 552 331 597 nis
366 553 409 597 &
447 549 635 596 Vitellii
679 550 806 596 rebus
846 548 1016 594 illustre
1056 548 1367 595 testimonium
1409 547 1460 594 de
1501 547 1764 593 Placentino
1801 547 2246 611 amphitheatrotIn

260 637 303 664 eo
339 619 573 664 certamine
609 656 621 675 ‚
659 615 812 680 inquit
848 616 927 662 ille
961 614 1009 660 in
1047 616 1256 662 secundo*
1289 616 1579 662 historiarum
1620 632 1718 678 cap.
1758 631 1813 662 21
1847 651 1859 671 ,
1893 617 2236 677 pnlslaerrinmen

259 685 574 749 amphitheatri
631 698 735 745 opus
769 685 904 740 situm
938 697 1061 728 extra
1105 703 1246 730 muros
1281 683 1587 746 conflagravit
1614 684 1717 737 sive
1766 686 1822 727 ab
1865 684 2242 746 oppugnatoribus

262 751 477 812 incensum
505 789 518 809 ,
559 753 664 797 dum
691 751 812 808 faces
841 753 896 796 ὅτ
921 752 1111 813 glandes
1148 755 1205 798 (9⁴
1239 753 1436 812 miffilern
1477 754 1620 813 ignem
1656 751 1700 796 in
1737 750 1906 812 obseffos
1942 752 2189 796 iaculamur
2229 785 2244 807 ,

251 820 352 877 sive
386 823 441 867 ab
474 819 640 880 obseffis
672 854 684 874 ‚
721 822 823 866 dum
855 833 1057 880 regerunt
1082 853 1093 864 .
1125 820 1392 881 Muncipale
1428 821 1598 880 vulgus
1636 832 1830 881 pronum»
1881 821 1944 863 ad
1983 819 2245 881 suspiciones

252 888 421 947 fraude
461 890 598 934 illata*
636 887 753 947 ignis
793 886 1006 932 alimenta
1052 887 1239 933 credidit
1274 905 1300 932 a
1348 886 1604 949 quibusdam
1642 886 1862 932 e⁴vicinis
1906 887 2084 932 coloniis
2124 887 2246 931 invi·

261 956 365 1003 diae
402 955 693 1003 aemulatione
718 991 729 1010 ,
769 955 882 1018 quod
919 956 1151 1001 NVLLA
1186 958 1260 1001 IN
1305 957 1555 1000 ITALIA
1581 957 1796 1000 MOEES
1833 957 1987 1001 TAM
2019 957 2251 1003 CAPAX

256 1023 458 1071 ESSET
481 1060 493 1070 .
532 1022 578 1069 Si
615 1035 715 1069 ante
754 1022 968 1067 Flavium
1004 1022 1396 1087 amphitheatrum
1444 1023 1701 1068 Placentina
1741 1038 1874 1068 cavea
1911 1034 2003 1068 erat
2032 1020 2244 1069 omnium

260 1092 512 1140 maxima:
557 1108 665 1154 ergo
728 1107 810 1153 per-
848 1088 1052 1135 Othonis
1107 1107 1156 1136 ac
1194 1088 1396 1135 Vitellii.
1432 1101 1639 1152 tempora
1694 1089 1892 1135 nostrum
1949 1088 2033 1135 hoc
2071 1129 2086 1152 ,
2124 1088 2245 1153 quod

261 1161 521 1206 Romanum
569 1174 706 1222 prope
751 1155 1023 1220 exaequavit
1056 1192 1067 1213 ,
1102 1157 1300 1203 nondum
1334 1156 1568 1204 exstiterat
1592 1193 1603 1204 .
1653 1155 1781 1217 Quid
1824 1157 1947 1220 quod
1980 1156 2160 1221 Lipfius
2193 1157 2245 1204 de

258 1228 411 1293 amph.
449 1238 541 1273 exn
584 1228 719 1272 Rom.
758 1241 851 1288 cap.
897 1241 923 1271 2.
967 1225 1276 1271 Placentinum
1318 1224 1432 1271 illud
1473 1242 1529 1272 ex-
1558 1234 1676 1289 parte*
1713 1223 1866 1272 saltem
1898 1225 2102 1289 ligneum
2136 1222 2249 1271 fuis-

259 1295 304 1344 se
341 1293 611 1351 contendit,
632 1291 808 1357 alioqui
845 1291 1033 1339 incendi
1062 1292 1174 1340 haud
1210 1292 1349 1339 facile
1378 1292 1574 1356 potuisse
1596 1293 1807 1340 ?‘V·erum
1840 1306 1939 1340 ante
1975 1293 2085 1350 hoc,
2117 1293 2240 1357 quod

258 1362 403 1412 adhuc
442 1361 571 1409 restat
605 1361 864 1427 ,ligneum
915 1359 1098 1407 fortasse
1135 1397 1146 1418 ,
1183 1373 1269 1408 aut<
1289 1359 1542 1409 lateritium
1578 1360 1766 1424 aliquod
1804 1362 1983 1424 Capuae
2023 1359 2243 1408 exstitisse

260 1450 351 1480 non
380 1429 614 1478 abnuerim
647 1448 661 1493 3
701 1428 780 1495 qui
820 1428 954 1474 sciam
993 1441 1111 1475 totas
1149 1427 1454 1493 gladiatorum
1496 1428 1694 1476 familias
1733 1446 1753 1475 a
1792 1428 1979 1476 Caesare
2016 1428 2245 1493 quondam

260 1502 443 1564 Capuae
493 1497 730 1553 detentas,
778 1513 974 1561 quorum
1025 1495 1204 1544 infinita
1262 1497 1333 1544 vis
1367 1497 1456 1561 (ut
1507 1497 1698 1545 interim
1750 1497 1802 1544 de
1853 1497 2099 1560 Campanis
2138 1496 2240 1560 ipsss

260 1566 445 1616 edendis
484 1565 748 1614 muneribus
781 1563 1098 1613 addie‘tiffimis
1136 1571 1346 1630 taceam.)
1385 1565 1467 1612 vix
1505 1564 1564 1614 est
1617 1578 1667 1612 ut
1723 1564 1811 1613 fine
1862 1565 2018 1631 aliquo
2071 1563 2250 1630 amphi-

264 1635 446 1684 theatro
486 1634 626 1682 fuerit
648 1670 658 1680 .

399 1705 441 1752 C
476 1705 547 1750 Ac
585 1703 640 1751 de
676 1711 833 1749 aetate·
856 1701 991 1751 huius
1027 1703 1179 1767 operis
1216 1704 1287 1752 est·
1315 1702 1418 1751 iam<
1447 1702 1647 1768 quaestio
1688 1703 2023 1768 profligata2de
2067 1702 2250 1751 amstm'e

258 1771 355 1822 iam
394 1770 583 1837 superest
606 1807 617 1818 .
656 1773 779 1819 Nam
817 1770 898 1835 qui
936 1782 1039 1819 ante
1078 1771 1156 1819 hac
1193 1773 1248 1820 ad
1282 1773 1488 1820 coloniae
1526 1787 1731 1837 tempora
1768 1773 1811 1819 id
1851 1773 2124 1819 revocabant
2163 1808 2174 1828 ‚
2209 1769 2248 1817 ii

265 1858 357 1889 non
395 1839 539 1889 solum
568 1838 658 1887 sub-
682 1838 1038 1903 imperatoribus
1066 1876 1078 1898 ,
1117 1840 1185 1886 sed
1229 1842 1367 1887 etiam
1392 1843 1445 1888 ab
1468 1839 1822 1904 imperatoribus
1862 1840 2138 1888 extructum
2165 1856 2246 1903 pu-

261 1910 418 1957 tabant
449 1945 460 1956 .
494 1908 579 1957 Sed
612 1906 751 1973 ipsam
794 1905 871 1954 fibi
919 1909 1123 1972 Capuam
1167 1908 1320 1956 fecisse
1366 1926 1454 1956 nos>
1487 1910 1651 1956 titulus
1687 1910 1850 1956 docet.
1891 1912 1962 1955 Ac
2006 1927 2059 1955 ne
2096 1907 2139 1954 id
2180 1906 2250 1953 in-

263 1975 479 2025 credibile
511 1927 761 2034 videaptur,
786 1974 845 2023 de
869 1976 1092 2024 coloniae
1113 1977 1283 2025 nostrae
1311 1976 1770 2044 aerarioagendum„
1794 1974 1983 2042 eiusque
2002 1976 2121 2025 vires
2142 1973 2244 2022 sunt

273 2063 411 2112 porro
447 2045 775 2109 explorandae.

407 2115 477 2161 CI
516 2118 639 2162 Cum
678 2111 910 2178 principis
941 2112 1068 2160 urbis
1104 2113 1265 2181 imago
1295 2132 1377 2178 per
1407 2113 1564 2163 omnia
1601 2113 1746 2162 effet
1735 2132 1781 2161 1n
1812 2113 2008 2162 coloniis
2036 2111 2257 2162 deforma

267 2191 349 2229 ta:
389 2181 496 2230 hinc
533 2181 917 2246 quemadmodum
960 2185 1165 2239 Romxe,
1189 2184 1253 2230 ita
1288 2185 1332 2231 8<
1371 2184 1419 2231 in
1456 2183 1652 2231 coloniis
1692 2182 1817 2231 luum
1844 2184 2009 2249 cuique
2031 2181 2262 2229 aerarium

265 2249 387 2298 fuit.
404 2248 527 2311 Quis
563 2248 685 2297 enim
728 2262 892 2315 negat,
929 2250 1040 2314 quin
1081 2250 1289 2315 publicos
1329 2251 1510 2299 reditus
1535 2251 1725 2315 quaevis
1759 2252 1940 2299 colonia
1980 2250 2067 2297 five
2107 2247 2258 2297 muni-

265 2316 444 2382 cipium
480 2316 689 2365 habuerit
722 2315 738 2364 ἓ
780 2317 1026 2365 Suetonius
1062 2317 1107 2365 in
1148 2318 1351 2366 Ofi’tavio
1402 2336 1495 2383 cap.
1531 2320 1649 2380 46:
1692 2321 1878 2367 Italiam
1916 2319 2251 2382 duodetriginta

272 2387 530 2434 coloniarum
568 2405 739 2432 numero
778 2404 806 2432 a
834 2386 881 2446 se
917 2387 1204 2434 deduc‘larum
1244 2387 1562 2450 frequentavit
1582 2423 1594 2445 ,
1632 2389 1911 2452 operibusque
1960 2407 2009 2434 ac
2056 2387 2254 2448 vefbiga-

270 2455 391 2502 libus
423 2455 625 2517 publicis
655 2454 944 2516 plurifariam
982 2453 1214 2510 instruxit.
1237 2454 1526 2519 Vespalianus
1561 2454 1609 2502 in
1647 2455 1875 2520 relcripto
1903 2455 1954 2503 ad
1992 2451 2255 2502 Saborenses

265 2519 317 2569 in
355 2521 573 2586 Hispania
611 2521 724 2584 apud
761 2524 1141 2586 Grut.p·164‚
1179 2541 1232 2569 n.
1263 2539 1283 2571 1
1323 2521 1389 2570 ait
1437 2525 1875 2573 VECTIGALIA.
1911 2525 2113 2586 QVAE.
2152 2523 2255 2568 AB.

266 2591 451 2638 DI-VO
506 2591 858 2638 AVGV‘STO..
898 2590 1277 2638 ACCEPISSE.
1316 2591 1601 2640 DICITIS.
1626 2593 2005 2641 CVSTOD10..
2028 2595 2254 2640 Eumenes

267 2674 453 2722 quoque
490 2657 644 2706 rhetor
681 2657 731 2705 in
767 2658 981 2723 panegyri
1021 2658 1127 2706 haec
1163 2657 1341 2707 habet·
1374 2661 1604 2709 Salarium
1645 2680 1708 2707 me
1760 2661 2057 2723 liberaliffimi
2084 2659 2254 2723 princi-

261 2740 340 2790 pes
378 2745 429 2773 ex
462 2727 598 2772 huius
630 2726 732 2788 reip.
770 2726 947 2774 viribus
985 2727 1031 2773 in
1062 2727 1272 2787 fifxcentis
1295 2727 1502 2776 millibus
1538 2731 1757 2776 nummum
1793 2731 1984 2792 accipere
2023 2729 2254 2789 iufferunt.

262 2794 398 2842 Plura
433 2794 644 2857 exempla
679 2791 759 2858 qui
800 2795 939 2851 velit,
976 2794 1102 2843 adeat
1144 2794 1377 2844 Nor-ilium
1417 2796 1470 2844 ad
1507 2798 1673 2846 Cenot.
1716 2795 1800 2844 Pis.
1842 2799 1896 2845 In
1949 2792 2258 2844 marmoribus

267 2877 381 2908 vero
418 2860 628 2926 frequens
663 2861 728 2908 est'
761 2879 929 2911 eorum
973 2862 1152 2910 mentio
1188 2862 1323 2928 ,qui
1373 2863 1676 2929 municipalia
1723 2863 1968 2931 veffiigalia
2006 2874 2082 2910 aut
2120 2878 2258 2926 quos-

268 2945 467 3006 cumque
504 2929 698 2976 omnino
735 2930 906 2978 reditus
943 2899 1313 2990 constituerunt,
1350 2943 1578 2981 auxerunt
1612 2943 1693 2982 aut
1729 2944 2080 2998 recuperarunt.
2118 2932 2265 2977 Pecu-

257 2995 347 3045 >nia
385 2997 489 3044 inde
524 2997 714 3045 collegia
757 2997 805 3045 in
842 2998 1018 3048 aerario
1055 2998 1333 3062 municipali
1368 3001 1702 3078 reponebat-ur:
1725 3001 1844 3049 nihil
1866 2999 1996 3048 enirn
2016 2996 2221 3075 saepius
2208 3014 2259 3045 ln

266 3064 502 3132 lapidibus
550 3065 748 3115 occurrit
783 3102 797 3127 ,
833 3084 970 3133 quam
1008 3066 1270 3123 huiusmodi
1320 3068 1489 3120 aerarii
1536 3067 1717 3120 mentio
1751 3087 1770 3136 3
1809 3081 1858 3120 ut
1905 3067 1956 3120 in
1990 3064 2264 3133 Tetgestino

2153 3149 2270 3194 mare
