2622 3522
394 224 460 279 90
1013 213 1057 259 D
1132 229 1151 261 1
1229 229 1261 261 A
1333 230 1363 262 τ
1431 231 1459 262 R
1530 230 1547 263 1
1616 232 1644 266 n
1712 211 1743 264 A

669 282 728 328 D.
767 282 1043 328 NONIVS.
1071 282 1403 329 ASPRENAS

665 350 708 396 L
729 351 987 396 .AXSIVS
1008 385 1017 395 .
1044 351 1244 396 NASO.
1265 353 1352 398 TR
1375 386 1384 396 .
1403 352 1479 398 PL

776 417 1538 465 CAECILIVS.CORNVTVS

669 484 750 544 Q.
768 485 1110 531 LVTATIVS
1133 520 1144 532 .
1169 487 1474 534 CATVLVS

667 586 680 598 .
704 586 714 597 .
754 553 1092 600 VOCONIVS
1115 589 1123 599 .
1146 554 1369 602 STOLO

672 619 1074 666 CVRATORES
1095 657 1104 666 .
1129 620 1469 669 LOCORVM
1489 658 1498 668 .
1515 621 1952 671 PVBLICORVM

672 688 1221 736 DEDICANDORVM
1245 691 1354 735 ,EX
1384 724 1393 733 .
1413 691 1453 735 S.
1474 691 1529 736 C.
1549 691 1648 736 EX.
1688 691 1997 739 PRIVATO

671 756 741 801 IN
761 791 771 801 .
789 756 1131 803 PVBLICVM
1150 792 1160 803 .
1184 758 1706 804 RESTITVERVNT

390 818 484 869 Vbi
521 817 646 867 vides
699 820 829 869 fuiffe
879 834 1108 871 curatores
1159 826 1367 872 locorum
1433 824 1720 889 publicorum
1770 823 2162 891 didecandorum,
2211 824 2374 876 horum

389 906 503 937 vero
543 905 708 938 munus
747 900 842 937 erat
878 905 935 937 ex
974 892 1156 954 privato
1193 893 1240 939 in
1278 890 1516 956 publicum
1552 892 1780 941 restituere
1813 926 1828 940 .»
1882 892 1976 941 Vbi
2026 894 2225 959 primum
2267 912 2376 943 veto

391 961 518 1007 locus
558 957 765 1020 publicus
803 956 965 1014 fiebat,
1003 961 1200 1007 dedicari
1233 958 1465 1009 dicebatur
1488 995 1502 1019 ‚-
1537 978 1628 1010 non
1664 962 1722 1008 ob
1762 960 1899 1008 aliam
1923 962 2125 1025 profesto
2162 963 2372 1021 caussam,

389 1025 498 1091 quia
535 1036 632 1071 tum
674 1026 874 1091 primum
914 1026 1011 1074 eius
1060 1027 1310 1092 δημοπότης
1351 1029 1716 1095 incipiebat.Ex
1755 1047 1843 1094 qua
1879 1028 2068 1077 notione
2102 1048 2193 1078 non
2230 1030 2379 1080 modi·

390 1113 441 1143 ca
479 1090 695 1140 Ciceroni
736 1093 928 1159 aliisque
965 1097 1045 1142 lux
1082 1097 1359 1145 affunditur.
1402 1096 1423 1164 ]

530 1164 599 1209 XI
637 1161 720 1208 Sed
761 1179 898 1228 pergo
935 1163 1026 1210 iam
1065 1162 1338 1229 scriptorum
1378 1169 1535 1225 locos,
1570 1182 1683 1232 quos
1744 1164 1928 1228 quidem
1986 1165 2255 1231 conquirere
2293 1184 2376 1232 po·

391 1229 562 1280 tuerim
585 1265 598 1287 ,
636 1229 681 1277 in
723 1230 926 1278 medium
967 1231 1192 1292 proferre.
1228 1233 1472 1282 Suetonius
1509 1235 1561 1281 de
1599 1234 1805 1298 Augusto
1845 1234 1899 1281 fic
1938 1246 2087 1282 narrat
2121 1252 2133 1286 ε
2171 1234 2379 1296 Commis-

387 1302 502 1360 fione
540 1299 763 1354 ludorum,
800 1302 1022 1359 QVIBVS
1059 1302 1275 1347 theatrum
1310 1304 1528 1349 Marcelli
1564 1304 1974 1350 DEDICABAT
2028 1301 2044 1364 (
2080 1301 2188 1349 idest
2225 1319 2380 1351 encae-

391 1367 546 1415 niabat
580 1367 599 1430 )
637 1366 797 1422 evenit,
821 1381 868 1412 uc
908 1366 1082 1414 luxatis
1108 1368 1248 1426 sellae
1286 1372 1451 1416 curulis
1488 1371 1766 1434 compagibus
1804 1371 1978 1417 caderet
2008 1370 2197 1431 supinus
2220 1408 2231 1420 .
2266 1373 2376 1417 Prae

391 1434 554 1482 ceteris
606 1452 694 1481 non
756 1433 896 1481 bonus
953 1434 1033 1481 ille
1096 1435 1281 1499 quidem
1338 1437 1553 1486 scribendi
1613 1437 1817 1495 ευᾶἶοτ,
1869 1435 1938 1483 sed
1975 1436 2270 1501 antiquitatis
2308 1450 2382 1485 ta·

391 1520 497 1550 men
555 1501 786 1549 affefilator
837 1502 1068 1565 Apuleius
1123 1503 1205 1551 vix
1242 1501 1375 1551 aliter
1414 1524 1466 1552 eo
1504 1506 1643 1553 verbo
1681 1505 1780 1552 usus
1818 1503 2003 1552 videtur
2039 1540 2051 1562 ,
2102 1504 2230 1552 cuius
2269 1505 2375 1553 haec

389 1570 579 1618 interim
619 1570 718 1618 loca
755 1569 952 1633 reperi:
1007 1574 1202 1619 Metam.
1241 1588 1327 1619 lv:
1381 1576 1435 1619 Vt
1493 1574 1741 1621 venationis
1790 1575 1896 1634 suae
1955 1574 2182 1635 primitias
2237 1577 2374 1621 bonus

391 1641 558 1687 amicus
593 1638 823 1685 videretur
857 1639 1051 1685 ornando
1110 1641 1276 1687 muneri
1326 1643 1570 1703 dedicasse.
1625 1641 1741 1688 Met.
1782 1660 1812 1688 x
1860 1657 1871 1687 :
1927 1643 2032 1687 Dies
2082 1659 2167 1687 ecce
2205 1641 2375 1687 muneri

392 1708 641 1764 destinatus
692 1708 849 1753 aderat
903 1741 914 1753 .
953 1737 963 1752 a
1003 1741 1015 1754 .
1054 1741 1066 1754 .
1122 1710 1195 1755 Ac
1245 1710 1349 1755 dum
1406 1710 1592 1756 ludicris
1624 1710 1885 1768 scenicorum
1939 1709 2099 1754 choreis
2145 1710 2376 1770 primitiae

386 1775 627 1840 speflaculi
665 1774 925 1821 dedicantur
960 1776 1046 1822 &c.
1085 1776 1256 1824 Annon
1294 1776 1419 1825 vides
1452 1778 1678 1841 primitias
1715 1779 1906 1824 muneris
1958 1775 1975 1838 (
2016 1775 2102 1822 hoc
2145 1774 2204 1822 est
2244 1793 2378 1823 vena-

392 1843 540 1891 tionis
563 1878 574 1898 ,
613 1857 702 1905 quo
739 1840 863 1889 sensu
901 1860 1066 1891 munus
1101 1842 1227 1909 saepe
1263 1844 1434 1906 accipit
1470 1844 1951 1910 Apuleius)dedicare
1987 1841 2107 1890 idem
2147 1842 2232 1892 effe
2260 1843 2380 1908 quod

389 1908 653 1976 auspicari?
693 1909 767 1957 Ad
805 1907 909 1957 haec
947 1913 1063 1958 Met.
1102 1929 1160 1960 x1
1214 1913 1267 1959 de
1326 1911 1451 1961 mdis
1510 1913 1612 1960 navi
1673 1913 1749 1960 Ifis
1786 1911 1877 1978 ipsa
1915 1912 1969 1958 fic
2007 1910 2245 1974 loquitur:
2281 1916 2381 1975 ‚Qgro

392 1980 410 2043 (
447 1977 518 2027 die
554 1980 572 2043 )
605 1976 775 2038 sedatis
815 1978 1007 2025 hiberm's
1046 1980 1397 2043 tempestatibus,
1444 1983 1499 2030 θ’
1537 1982 1687 2028 lenitis
1723 1983 1857 2027 maris
1877 1981 2121 2043 procellosis
2138 1979 2378 2040 flue‘libus‚

391 2045 651 2110 navigabili
688 2047 779 2092 iam
812 2048 971 2111 pelago
999 2082 1011 2103 ,
1048 2051 1195 2095 rudem
1250 2051 1501 2097 dedicantes
1555 2051 1747 2096 carinam
1791 2085 1802 2105 ,
1850 2048 2077 2110 primitias
2114 2063 2372 2094 commeatus

391 2116 409 2178 (
448 2114 560 2162 idest
600 2111 904 2177 navigationis
939 2116 956 2178 )
994 2117 1136 2162 libant
1174 2117 1255 2162 mei
1286 2118 1527 2176 sacerdotes
1554 2153 1564 2162 .
1606 2117 1675 2164 Ibi
1730 2119 1878 2162 rudem
1935 2118 2130 2161 carinam
2175 2118 2379 2163 dedicare

390 2184 452 2229 est
487 2197 653 2229 novam
696 2199 774 2228 nec
812 2182 917 2230 dum
961 2198 1082 2229 mare
1121 2196 1355 2248 expertam
1395 2199 1536 2249 ponto
1575 2183 1901 2237 committere,
1939 2183 1983 2228 8<
2022 2180 2118 2230 usui
2160 2181 2380 2231 addicere.

391 2251 708 2298 Tertullianus
747 2249 794 2296 in
832 2251 1077 2316 Scorpiaco
1115 2269 1206 2316 cap.
1251 2269 1267 2299 1
1313 2253 1365 2299 de
1404 2254 1562 2300 Paullo
1602 2253 1817 2299 Melitam
1858 2249 2083 2298 devefflo:
2122 2255 2211 2298 Hoc
2247 2253 2381 2309 modo,

391 2317 581 2383 inquit,
617 2319 742 2366 etiam
779 2318 963 2366 ethnicis
991 2318 1127 2384 saepe
1156 2321 1444 2379 subvenimus
1478 2358 1490 2379 ,
1528 2323 1682 2368 donati
1731 2339 1758 2366 a
1796 2324 1885 2365 Deo
1943 2336 1991 2365 ea
2024 2320 2232 2382 potestate
2269 2318 2287 2381 (
2323 2318 2378 2366 de

391 2403 478 2450 qua
515 2386 667 2435 Marci
707 2402 796 2435 xvt
819 2423 831 2444 ,
871 2389 918 2436 18
955 2386 1127 2435 dicitur
1150 2425 1162 2444 ,
1194 2388 1415 2450 serpentes
1451 2390 1607 2436 tollent
1657 2389 1743 2435 &c.
1778 2388 1794 2451 )
1851 2405 1978 2449 quam
2033 2387 2272 2447 «Apostolus
2308 2387 2381 2433 de·

392 2456 566 2522 alica-vit
603 2455 618 2515 (
656 2454 760 2501 idest
799 2473 884 2519 qua
922 2455 1096 2519 primus
1131 2456 1341 2503 omnium
1383 2456 1484 2504 usus
1520 2458 1576 2503 est
1614 2457 1630 2521 )
1671 2474 1761 2502 cum
1800 2454 1980 2513 morsum
2042 2455 2222 2518 viperae
2255 2454 2378 2516 spre-

392 2527 491 2568 vit.
530 2523 780 2583 Quomodo
816 2525 1017 2570 dedicare
1049 2525 1292 2585 potestatem
1333 2524 1455 2572 dixit
1493 2525 1839 2578 TertullianuS,
1879 2523 1933 2568 fic
1971 2523 2015 2568 &
2067 2522 2374 2582 magistratum

392 2592 625 2646 dedicare,
668 2590 773 2637 idest
810 2590 929 2638 inire
965 2591 1054 2638 dici
1093 2590 1367 2638 consuevisse
1406 2592 1608 2640 coniicio
1651 2610 1664 2657 ς
1717 2607 1817 2638 nam
1879 2592 1922 2636 ὃς
1962 2589 2058 2636 eius
2096 2589 2377 2637 contrarium

393 2658 594 2704 abdicare
631 2659 930 2721 magistratum
969 2658 1045 2705 usu
1086 2658 1373 2707 tritiffimum
1415 2660 1532 2707 fuit.
1570 2659 1591 2724 [
1630 2659 1754 2706 Idem
1794 2658 1914 2705 libro
1968 2657 2020 2704 de
2078 2675 2205 2704 carne
2242 2656 2384 2705 Chri·

394 2724 447 2771 ssi
488 2743 579 2788 cap.
622 2744 713 2789 17:
752 2732 879 2774 Nove
911 2727 1033 2786 nasci
1067 2729 1257 2774 debebat
1294 2746 1434 2774 novae
1469 2728 1746 2774 nativitatis
1783 2728 2002 2773 dedicator
2029 2761 2039 2773 .
2079 2727 2202 2772 Idem
2242 2724 2288 2770 in
2310 2726 2381 2770 A-

394 2793 654 2857 pologetico
691 2812 782 2856 cap.
821 2796 852 2842 6
889 2795 940 2841 de
980 2796 1161 2841 Nerone
1200 2795 1372 2857 primae
1409 2794 1457 2843 in
1496 2795 1777 2846 Christianos
1817 2793 2137 2856 persecutionis
2194 2791 2377 2838 aucstore

393 2863 582 2923 loquens
618 2861 833 2908 aitzTali
871 2863 1121 2910 dedicatore
1172 2864 1467 2910 damnationis
1517 2863 1680 2917 nostrae
1739 2863 1988 2924 gloriamur
2021 2898 2030 2908 .
2070 2859 2243 2907 Ibidem
2281 2876 2379 2923 cap.

399 2932 549 2976 122In
586 2931 787 2992 patibulo
822 2931 1007 2991 primum
1045 2945 1195 2990 corpus
1235 2931 1316 2977 Dei
1352 2930 1492 2988 vestri
1529 2932 1763 2976 dedicatur
1788 2967 1798 2978 .
1835 2930 1956 2976 Idem
1995 2929 2046 2977 de
2083 2926 2258 2974 Poenit.
2280 2943 2378 2987 cap.

394 3011 420 3043 2
447 3001 623 3058 :Quum
662 2998 811 3056 rursus
846 2999 902 3042 ad
928 2998 1055 3057 suam
1090 2998 1428 3057 mt'fhricordiam
1466 2997 1766 3060 maturavtffet
1804 2996 1819 3060 (
1861 2998 2024 3061 Deus)
2062 2998 2150 3043 iam
2188 2995 2289 3043 inde
2326 2995 2374 3039 irs

2229 3062 2385 3125 semet·
