2622 3522
395 138 495 187 ῆι

937 137 1245 188 ΕΑΡντ
1315 139 1790 189 ΟοτΑννΜ

398 220 539 265 nymo
576 205 709 261 Vv-a,
746 200 933 261 aliisve,
970 204 1021 251 ad
1058 224 1170 270 quos
1208 206 1285 252 illa
1324 206 1565 270 possessio,
1602 224 1714 271 quae
1749 203 1890 256 turris
1925 208 1969 257 S.
2005 184 2182 260 Erasini
2218 212 2337 266 dicis

395 283 472 320 tur
496 306 509 329 ,
546 269 750 330 transiit,
787 272 944 320 eduffla
979 272 1134 332 fuere,
1173 291 1223 322 ac
1264 277 1460 323 Romam
1487 310 1501 335 ,
1556 274 1805 342 Neapolim
1829 310 1842 336 ‚
1876 276 2061 344 alioque
2116 281 2277 337 avec‘la
2319 303 2337 318 ·

1018 397 1032 416 Χ

390 434 580 475 Multaque
602 439 663 477 per
698 434 874 471 trochleas
910 436 952 472 (5
989 445 1155 482 tympana
1185 436 1337 482 pondere

436 489 561 520 magno

380 529 608 566 Commouet,
631 536 735 569 atque
760 527 836 560 levi
852 527 1013 568 sustollit
1039 530 1201 567 machina
1226 529 1306 568 nisu
1322 552 1332 563 .

387 567 589 602 Trochleam
606 594 616 610 ‚
639 581 740 615 quam
766 579 929 616 tympano
952 574 1090 608 adhibet
1124 575 1296 607 Lucretius
1322 595 1333 614 ‚

384 613 423 647 in
450 611 559 647 nostro
583 617 768 660 anaglypto
793 621 971 661 expressam
997 620 1124 653 summo
1149 619 1184 653 in
1201 619 1335 654 carche-

379 659 433 694 fio
464 658 557 693 vides
577 684 589 703 ,
614 662 645 695 8<
671 673 727 705 per
758 663 939 700 trochleam
965 665 1155 701 dustarium
1179 664 1295 699 funem
1321 690 1334 708 ,

375 704 442 749 qui
466 703 590 740 circum
614 715 811 751 tympanum
837 709 1055 746 advolvitur.
1074 710 1110 745 ld
1137 720 1218 743 vero
1244 711 1334 755 quod

378 750 479 794 supra
505 751 633 795 pondus
657 754 870 798 depingitur,
899 758 1046 791 alterane
1072 756 1219 790 trochlea
1244 756 1336 799 fuit,

378 803 424 829 *ut
449 795 610 840 dispaston
647 801 813 844 appellare
855 802 979 844 liceat3
1020 814 1062 837 an
1104 813 1184 836 vero
1206 801 1336 838 ferreus

379 840 498 876 forfex
526 843 745 881 Vitruvianus
769 875 780 891 ‚
805 858 875 892 quo
901 849 1031 892 pondus
1059 847 1333 892 prehenderetur?

380 887 540 921 Omnino
563 890 731 924 trochlea.
750 893 811 926 Vel
837 893 898 927 hac
921 905 1034 930 autem
1059 902 1153 937 parte
1177 894 1239 928 hoc
1257 906 1336 928 ana-

379 933 544 977 glyptum
570 934 650 969 viris
676 937 816 974 eruditis
841 939 904 973 sese
928 941 973 974 est
998 939 1336 983 commendaturum,

381 977 481 1030 quod
504 981 683 1024 expressim
724 982 777 1017 hic
817 984 976 1020 habemus
1016 985 1167 1030 tympani
1192 986 1334 1020 archite-

386 1022 512 1059 stonici
560 1025 703 1062 formam
738 1040 815 1064 curn
853 1032 980 1066 duobus
1018 1043 1092 1066 eam
1130 1031 1335 1066 versantibus

386 1071 672 1115 tympanotribis‚
697 1074 719 1107 fi
746 1076 845 1110 modo
871 1077 912 1111 sic
937 1088 993 1111 eos
1017 1077 1184 1121 appellare
1223 1079 1300 1112 licet
1324 1089 1336 1112 2

381 1125 465 1148 aiam
490 1119 661 1163 ceteroqui
688 1121 821 1156 Plautus
845 1125 946 1157 Truc.
973 1134 1012 1158 11
1028 1148 1040 1166 ‚
1064 1135 1086 1167 7
1106 1148 1117 1165 ‚
1141 1134 1184 1166 49
1201 1148 1211 1165 ‚
1251 1136 1338 1176 tyni-

384 1161 606 1205 panonia-am
631 1175 690 1211 pro
715 1168 869 1213 tympani
906 1168 1071 1214 pulsatore
1109 1169 1262 1215 accepisse
1288 1181 1340 1204 vi-

384 1205 487 1241 detur
503 1231 513 1241 .

479 1301 527 1335 Π.
554 1304 608 1336 De
632 1303 739 1339 buius
763 1301 916 1341 tabellae
938 1304 1003 1352 usu
1030 1308 1215 1342 divinatio
1232 1330 1244 1341 .

482 1391 567 1427 Dixi
593 1392 658 1428 iam
682 1394 723 1429 de
749 1396 885 1441 singulis
919 1397 1062 1433 tabellae
1102 1397 1305 1440 imaginibus
1329 1424 1338 1433 .

387 1437 515 1471 Verum
539 1449 662 1483 quem,
687 1441 842 1486 inquies,
866 1442 906 1477 ad
932 1444 1033 1478 finem
1059 1444 1167 1479 exscul
1196 1452 1228 1476 ta
1254 1443 1338 1478 fuit³

391 1483 489 1517 Nihil
516 1485 555 1517 de
580 1496 619 1518 eo
645 1487 866 1522 Mabillonius
883 1513 892 1522 .
934 1496 983 1524 Ac
1008 1490 1049 1524 de
1074 1503 1116 1525 eo
1153 1455 1338 1533 asstequam

384 1529 553 1563 coniicere
572 1532 756 1576 aggredior
773 1558 785 1577 ,
810 1537 1018 1571 monendum
1045 1563 1054 1575 ,
1092 1536 1183 1581 quod
1212 1535 1336 1569 Mabl-

383 1574 501 1609 lanius
524 1576 558 1609 ἃ
583 1587 661 1612 ante
701 1591 779 1614 eum
814 1581 975 1616 Paschalis
1011 1583 1052 1617 ad
1087 1580 1339 1616 subvehendum

386 1620 517 1665 pondus
542 1633 615 1657 eam
640 1624 828 1661 machinam
856 1652 867 1669 ,
905 1639 1005 1673 quam
1045 1637 1246 1671 tympanum
1280 1640 1321 1672 ap

386 1665 506 1710 pellari
529 1667 677 1704 diximus
695 1700 708 1716 ‚
733 1671 916 1707 adhibitam
953 1674 1005 1708 hic
1028 1675 1121 1709 fuisse
1146 1682 1304 1717 putarunt
1327 1692 1337 1709 ι

381 1721 463 1746 cum
488 1720 602 1748 tamen
628 1726 669 1750 ex
695 1717 799 1761 positu
826 1717 1002 1754 hominum
1029 1731 1087 1765 per
1113 1731 1185 1753 eam
1213 1720 1338 1753 machi-

376 1766 467 1792 ‘nam
490 1760 744 1806 gradientium,
768 1763 901 1798 demitti
926 1765 1076 1810 pondus,
1107 1776 1174 1799 non
1201 1765 1337 1799 subvehi

384 1802 566 1840 videatur.
602 1809 730 1843 verum
771 1808 851 1844 hine
888 1812 996 1845 oritur
1030 1810 1211 1846 difficultas
1237 1835 1248 1852 ,
1284 1823 1337 1845 ec-

380 1848 464 1893 quid
489 1861 573 1896 opus
614 1852 715 1888 fuerit
753 1855 887 1899 cippum
925 1857 978 1890 seu
1002 1857 1216 1892 columellam
1238 1856 1337 1892 illam

385 1906 405 1929 c
431 1896 577 1931 trochlea
600 1898 847 1943 dependentem
863 1902 1015 1938 deorsum
1034 1903 1135 1947 ferri3
1154 1913 1221 1936 non
1243 1903 1338 1937 enim

383 1939 561 1977 columnae
588 1945 646 1979 nisi
682 1946 774 1990 supra
812 1957 937 1983 terram
978 1949 1149 1993 eriguntur
1175 1973 1182 1983 .
1226 1953 1338 1992 Quare

385 1987 526 2036 subierat
552 1989 634 2024 mihi
661 1992 735 2026 sane
761 1993 926 2038 suspicio,
951 1994 1045 2030 fuiffe
1078 1993 1214 2039 aliquod
1256 1996 1338 2039 lapi-

384 2032 436 2066 dis
463 2034 616 2078 auspicati
644 2048 750 2080 genus
792 2039 826 2074 in
866 2041 1027 2084 proscenii
1063 2041 1285 2075 fundamenta
1319 2052 1338 2075 a

386 2079 529 2113 Lucceio
556 2081 617 2115 illo
642 2084 830 2118 redemtore
853 2086 1021 2122 conieai.
1050 2091 1138 2121 Nam
1162 2085 1250 2131 quod
1279 2085 1337 2121 ho-

384 2124 440 2158 die
466 2125 503 2159 in
528 2127 729 2170 templorum
767 2130 798 2163 8:
824 2130 856 2164 id
894 2143 998 2176 genus
1037 2143 1175 2177 operum
1215 2130 1337 2165 funda-

383 2179 499 2205 menta
530 2171 645 2207 sacrati
691 2175 821 2219 lapides
861 2177 1082 2212 sollemnibus
1120 2178 1337 2212 caeremoniis

382 2215 610 2252 demittuntur
628 2231 637 2254 ε
663 2219 696 2253 id
723 2230 856 2257 veteres
878 2235 1012 2269 quoque
1037 2223 1240 2259 consueviffe
1259 2247 1270 2265 ,
1287 2223 1336 2257 la-

380 2262 433 2306 pis
457 2262 542 2306 apud
565 2267 667 2300 Grut.
695 2276 726 2310 p.
753 2279 821 2312 39,
846 2280 867 2311 ς
895 2274 1021 2303 Romae
1057 2278 1172 2304 erutus
1206 2272 1243 2301 'in
1267 2269 1335 2302 rui.

381 2307 437 2342 nis
462 2309 578 2352 templi
607 2310 732 2346 Dianae
758 2315 793 2348 in
819 2315 992 2349 Aventino
1017 2314 1119 2351 iidem
1144 2313 1226 2349 facit
1242 2338 1253 2356 ‚
1275 2315 1335 2361 qui

383 2352 471 2397 lapis
495 2354 600 2391 talem
625 2356 878 2404 inscriptionem
902 2360 1048 2406 praefert
1065 2375 1079 2398 .·

388 2447 536 2481 LAPIS.
565 2449 685 2483 AVSP.
704 2452 788 2497 &Q
805 2454 1028 2488 CAECILIO
1047 2477 1056 2488 .
1082 2454 1336 2489 METELLO.

382 2494 523 2526 PONT.
550 2494 668 2528 MAX.
696 2498 965 2534 SOLLEMNI.
991 2501 1093 2534 CVM

381 2539 715 2576 PRAECATIONE
732 2567 739 2574 .
769 2547 864 2577 PAL.
891 2548 987 2577 ΡΟΡ.
1016 2548 1134 2580 ROM.

722 2592 992 2623 CONIECTVS

387 2629 442 2662 {N
457 2654 465 2662 .
484 2632 814 2668 FVNDAMENTA
834 2659 842 2667 .
861 2638 1090 2671 PORTICVS
1106 2661 1118 2672 .
1137 2639 1340 2674 MINERV.

390 2676 713 2712 AVENTINENS.
739 2684 819 2715 AB.
845 2683 1054 2717 LATERE.
1081 2687 1220 2721 com..

389 2722 481 2756 vlc.
509 2725 796 2763 ARMlLvsrR.
822 2727 884 2761 διο.

389 2811 457 2847 Hic
481 2816 526 2858 Q.
559 2815 723 2851 Caecilius
760 2817 922 2853 Metellus
965 2817 994 2854 is
1017 2821 1063 2855 est
1080 2846 1092 2865 ,
1129 2822 1188 2868 qui
1214 2825 1254 2858 C.
1282 2826 1337 2858 Iu.

387 2858 473 2893 lium
499 2860 671 2896 Caesarem
708 2863 742 2897 in
769 2863 966 2906 pontificatu
1007 2869 1156 2903 maximo
1182 2869 1336 2903 successo-

388 2914 461 2938 rem
487 2904 603 2939 habuit
620 2932 632 2949 ,
672 2919 714 2942 ex
740 2909 850 2943 Dione
893 2910 951 2945 lib.
977 2913 1130 2948 xxxxiu.
1156 2918 1204 2948 Ac
1244 2915 1336 2949 reste

384 2950 522 2994 quidem
544 2962 586 2986 ex
613 2952 673 2988 hac
697 2954 911 2999 inscriptione
936 2957 1072 2993 Iacobus
1091 2960 1275 2995 Gutherius
1302 2962 1338 2995 in

394 3005 458 3030 ιιι
486 2996 526 3029 de
552 2997 609 3037 jur.
638 3008 731 3043 pont.
759 3012 776 3043 ς
801 3001 934 3046 colligit
959 3003 1061 3039 ritum
1088 3005 1206 3049 lapidis
1231 3007 1337 3050 auspi.

384 3042 448 3077 cati
476 3043 542 3079 sive
567 3044 682 3081 sacrati
718 3047 739 3091 (
759 3057 950 3095 quanquam
991 3049 1068 3087 vide
1093 3063 1138 3088 an
1161 3062 1231 3088 non
1255 3055 1334 3089 LA.

2307 324 2328 343 ³

2263 352 2337 402 uti

1383 439 1448 472 Pls
1464 466 1473 476 .
1501 441 1716 476 Avsr’icaeo
1733 444 1912 477 sacratus
1937 442 2017 479 illae
2041 450 2143 479 notae
2168 444 2233 481 lint
2270 457 2337 484 ex-

1381 486 1589 528 ponendae)
1617 486 1650 520 in
1677 487 1895 523 fundamenta
1920 489 2125 526 demittendi
2142 492 2230 527 ‚Sed
2253 494 2336 539 quis

1380 531 1490 574 stupor
1517 533 1628 566 virum
1652 532 1790 568 dostum
1815 535 1973 579 corripuit
2002 561 2014 578 ,
2054 545 2090 571 ut
2116 549 2186 573 non
2226 542 2332 574 etiam

1380 577 1490 610 Taciti
1518 578 1811 614 luculentiffimum
1852 581 1964 616 locum
1989 581 2120 617 afferret
2146 605 2157 621 ς
2185 596 2253 629 quo
2278 595 2332 620 res

1383 622 1539 658 universa
1564 623 1650 658 vivis
1675 625 1844 660 coloribus
1869 626 2090 672 depingitur?
2110 634 2234 664 curam
2249 654 2259 671 ,
2278 631 2334 666 in-

1381 669 1456 712 quit
1480 670 1734 706 accuratiiiimus
1759 672 1898 716 scriptor
1924 684 1969 708 ιν
1994 673 2067 710 hist.
2082 687 2135 718 53,
2151 677 2335 719 restituen-

1382 716 1423 748 di
1445 717 1623 760 ‘Capitolii
1648 719 1685 750 in
1711 721 1748 752 1..
1776 719 1964 759 Vestinium
1989 720 2123 763 confert
2162 722 2181 763 (
2208 722 2336 766 Vespa-

1381 760 1487 795 fianus
1511 762 1529 802 )
1555 764 1717 806 equestris
1741 765 1880 798 ordinis
1907 769 2020 800 virum
2051 790 2063 808 ,
2081 767 2147 807 sed
2184 767 2334 803 auHori.

1383 818 1460 841 tate
1481 807 1644 850 famaque
1670 810 1763 842 inter
1785 817 1938 851 proceres
1954 835 1964 844 .
1992 811 2094 846 vides
2118 811 2254 856 obiter,
2296 820 2334 849 ut

1381 852 1540 887 Suetonii
1565 853 1598 886 δι
1624 853 1792 897 xiphilini
1817 854 1918 891 fidem
1944 857 2080 892 Tacitus
2105 859 2255 902 evertit,
2272 859 2334 904 qui

1381 897 1554 933 absentem
1580 910 1620 933 eo
1645 908 1795 943 tempore
1831 900 1911 935 facit
1936 902 2170 942 imperatorem
2199 929 2212 946 ,
2251 916 2330 942 cum

1382 943 1433 977 illi
1460 953 1579 979 contra
1603 956 1671 979 non
1697 954 1831 980 tantum
1857 947 2039 983 interfuisse
2074 949 2245 985 fundando
2271 954 2335 986 Ca-

1381 989 1503 1034 pitolio
1524 991 1783 1035 Vespasianum,
1817 992 1876 1026 sed
1911 993 1944 1027 St
1981 994 2152 1038 praefuisse
2187 996 2298 1030 velint
2322 1021 2337 1040 ,

1381 1037 1507 1081 quippe
1531 1049 1631 1082 quem
1655 1038 1830 1073 ruderibus
1855 1040 2038 1083 purgandis
2063 1052 2201 1076 manum
2217 1041 2335 1076 admo.

1384 1083 1464 1116 visse
1490 1084 1664 1126 primurn,
1702 1094 1739 1116 ac
1763 1084 1820 1117 suo
1854 1085 1945 1119 collo
1980 1087 2131 1121 extulisse
2170 1087 2335 1133 quaedam

1384 1127 1598 1174 scripserint,
1621 1140 1689 1174 quo
1714 1129 1824 1164 minus
1848 1139 1958 1165 cetera
1983 1133 2165 1168 multitudo
2200 1144 2337 1178 operam

1383 1173 1473 1208 suam
1497 1176 1676 1219 denegaret
1697 1198 1705 1206 .
1733 1176 1843 1217 pergit
1877 1187 1960 1211 vero
1999 1179 2140 1214 Tacitus
2169 1191 2179 1214 z
2221 1178 2272 1214 Ab
2297 1192 2337 1215 eo

1384 1221 1403 1262 (
1432 1221 1584 1255 Vestinio
1610 1221 1822 1263 >contram
1865 1223 2061 1268 haruspices
2086 1237 2268 1268 monuere,
2291 1236 2336 1261 ut

1384 1269 1558 1311 reliquiae
1578 1266 1707 1312 prioris
1733 1266 1873 1301 delubri
1897 1270 1935 1301 in
1957 1271 2108 1312 paludes
2144 1274 2333 1305 aveberen-

1384 1323 1472 1354 tur,
1499 1316 1662 1356 templum
1688 1313 1812 1353 iisdem
1835 1314 1994 1358 vestigiis
2013 1314 2214 1359 sisteretur:
2241 1319 2335 1351 nolle

1385 1357 1464 1392 deos
1488 1361 1622 1392 mutari
1647 1370 1797 1393 veterem
1816 1359 1962 1400 formam
1981 1384 1990 1393 .
2032 1361 2217 1396 Vndecimo
2244 1365 2332 1398 Kal·

1385 1404 1663 1445 Iulias,serena
1689 1406 1791 1445 luce,
1811 1405 1968 1446 statium
1994 1419 2088 1441 omne
2104 1432 2115 1449 ,
2132 1409 2222 1452 quod
2248 1419 2334 1442 tem-

1381 1452 1443 1493 plo
1470 1448 1687 1491 dicebatur,
1729 1450 1904 1484 evinHum
1941 1454 2050 1487 vittis
2087 1454 2290 1498 coronisque
2321 1477 2336 1495 .

1385 1495 1535 1538 Ingreffi
1572 1497 1736 1532 milites.
1771 1498 1833 1541 qui
1867 1497 1981 1539 {aaliz
2018 1501 2158 1533 nomina
2180 1499 2201 1541 ζ
2226 1499 2334 1534 veluti

1386 1543 1540 1574 sat-vius
1565 1559 1573 1577 ‚
1601 1544 1817 1582 statorias,
1844 1543 1875 1575 Gt
1903 1543 2021 1577 similia
2043 1556 2057 1579 .·
2096 1543 2182 1578 Vide
2216 1545 2285 1578 Cic.
2313 1556 2335 1581 1

1385 1585 1426 1619 de
1451 1586 1556 1620 divin.
1585 1586 1668 1621 Plin.
1693 1598 1831 1622 xxvut
1850 1602 1896 1630 ,a
1914 1604 1926 1622 .-
1956 1589 2039 1627 Plut.
2064 1589 2187 1634 quaest.
2214 1594 2253 1625 R.
2281 1603 2336 1635 30·

1388 1632 1419 1665 Bt
1449 1643 1502 1673 3¹.
1529 1643 1571 1664 ex
1596 1633 1716 1676 quibus
1744 1633 1912 1677 intelliges
1937 1635 1969 1669 δι
1995 1636 2031 1668 in
2055 1636 2247 1670 lustratione
2272 1648 2338 1671 no.

1387 1678 1479 1711 mina
1507 1678 1665 1713 victimas
1691 1680 1885 1714 ducentium
1910 1682 2063 1726 prospera
2087 1681 2182 1716 fuiffe
2200 1683 2336 1727 requisi.

1386 1731 1420 1757 ta
1439 1749 1447 1762 ,
1467 1724 1499 1757 Sc
1527 1725 1561 1758 in
1586 1724 1720 1759 deiectu
1747 1727 1890 1768 primum
1914 1738 2080 1771 quemque
2105 1728 2250 1763 militem
2277 1728 2337 1762 bo.

1385 1781 1429 1802 no
1456 1769 1592 1803 nomine
1619 1773 1636 1811 )
1658 1771 1826 1811 felicibus
1853 1777 1966 1807 ramis
1991 1797 2001 1807 .
2036 1775 2130 1808 Dein
2171 1775 2335 1819 virgines

1385 1816 1534 1858 Vestales
1558 1829 1633 1850 cum
1655 1819 1774 1859 pueris
1797 1820 1994 1862 puellisque
2016 1821 2183 1862 patrimis
2207 1823 2336 1855 marri.

1384 1864 1513 1906 misque
1538 1873 1635 1908 aqua
1663 1864 1753 1896 rivis
1773 1863 1813 1897 (5
1834 1862 1990 1905 fontibus
2007 1865 2230 1908 amnibusque
2247 1869 2335 1900 bau.

1379 1909 1434 1951 sta
1451 1933 1461 1949 ,
1482 1911 1658 1952 perluere.
1682 1912 1772 1942 Tum
1800 1912 1990 1945 Helvidius
2017 1911 2158 1950 Priscus
2181 1921 2337 1955 praetor,

1384 1964 1570 1997 praeeunte
1598 1957 1743 1989 Plautio
1770 1957 1897 1989 Eliano
1933 1955 2102 2000 pontifice
2135 1981 2144 1995 ,
2187 1958 2339 2001 lustrate

1378 2001 1689 2040 suovetaurilibus
1715 2012 1796 2035 area
1811 2026 1822 2043 ,
1845 2002 1885 2036 (0-
1911 2002 2012 2046 fuper
2036 2001 2196 2044 cespitem
2220 2003 2340 2037 reddi.

1385 2050 1435 2080 tis
1460 2049 1551 2080 extis
1568 2075 1578 2090 ,
1606 2051 1721 2080 Iovem
1736 2071 1744 2086 ‚
1772 2052 1937 2081 Iunonem
1957 2073 1965 2085 ,
1987 2049 2185 2082 Minervam
2203 2071 2213 2089 ,
2229 2056 2332 2092 prae-

1382 2090 1537 2136 fidesque
1563 2095 1701 2137 imperii
1726 2094 1801 2126 deos
1825 2102 1988 2137 precatus
2025 2096 2085 2128 uti
2118 2104 2238 2137 coepta
2260 2101 2342 2137 pro-

1383 2138 1566 2180 sperarent
1583 2163 1594 2178 ,
1614 2139 1779 2182 sedesque
1797 2139 1884 2180 suar
1908 2141 2041 2181 pietate
2082 2141 2254 2174 hominum
2279 2140 2337 2173 in-

1388 2185 1529 2218 choatas
1557 2186 1686 2218 divina
1713 2192 1772 2227 ope
1797 2187 2005 2219 attollerent
2028 2208 2040 2226 ‚
2066 2188 2183 2220 vittas
2206 2209 2217 2226 ‚
2257 2186 2340 2228 quis

1385 2231 1522 2272 ligatus
1547 2233 1720 2272 Laws,
1748 2232 1930 2273 innexique
1950 2229 2051 2271 funes
2076 2242 2177 2265 erant
2210 2254 2224 2272 ‚
2261 2241 2340 2264 con·

1385 2277 1473 2317 tigit
1495 2300 1503 2309 .
1529 2279 1652 2309 simul
1681 2278 1788 2309 ceteri
1810 2275 2036 2318 magistratus
2063 2276 2105 2310 (9
2138 2276 2344 2317 sacerdotes

1385 2321 1426 2355 (9‘
1447 2321 1595 2361 senatus
1622 2322 1662 2354 (9⁴
1687 2333 1784 2365 eques
1811 2322 1851 2355 (5
1877 2332 2001 2364 magna
2021 2330 2105 2364 pars
2126 2323 2252 2365 populi
2265 2321 2344 2365 siu.

1385 2367 1444 2400 dio
1470 2368 1678 2410 laetitiaque
1717 2368 1859 2401 connixi
1885 2369 2047 2401 SAXVM
2073 2368 2200 2411 ingens
2226 2378 2344 2402 traxe-

1382 2424 1419 2446 re
1434 2424 1446 2446 .·
1472 2411 1658 2455 pafflmque
1685 2412 1830 2446 inieevae
1852 2411 2095 2453 fundamentis
2118 2413 2261 2456 argenti
2280 2422 2346 2447 au.

1383 2459 1481 2500 rique
1499 2457 1608 2501 stipes
1622 2482 1631 2494 ,
1651 2458 1691 2492 <9⁹
1706 2461 1925 2492 metallorum
1940 2459 2121 2502 primitiae
2138 2459 2253 2492 nullis
2272 2456 2348 2499 for-

1381 2501 1530 2536 nacibus
1557 2501 1698 2546 viciae,
1718 2504 1783 2544 sed
1809 2515 1850 2537 ut
1873 2506 2076 2547 gignuntur
2093 2529 2102 2539 .
2146 2507 2258 2547 Quem
2294 2502 2349 2537 lo.

1386 2560 1463 2582 cum
1489 2559 1530 2582 eo
1570 2547 1741 2591 integrum
1783 2547 1940 2593 descripsi
1958 2574 1969 2591 ‚
2008 2559 2078 2594 quo
2102 2547 2260 2584 Gutherii
2286 2548 2349 2585 lib.

1389 2604 1456 2628 xxx
1472 2601 1571 2637 caput
1593 2594 1750 2639 quintum
1776 2594 1853 2628 inde
1882 2594 2084 2639 locupletius
2108 2594 2250 2629 evadat.
2279 2598 2350 2629 Re·-

1386 2640 1451 2674 deo
1477 2640 1545 2674 iam
1569 2640 1611 2673 ad
1635 2640 1824 2674 institutum
1850 2639 2036 2675 sermonem
2053 2665 2063 2674 .
2108 2643 2200 2684 Ergo
2222 2639 2342 2685 cippus

1386 2685 1446 2720 ille
1473 2697 1514 2720 ex
1541 2683 1622 2720 fune
1652 2685 1803 2720 ductario
1826 2685 2016 2730 dependens
2041 2685 2145 2721 fuerit
2182 2686 2259 2720 sane
2287 2706 2296 2722 ‚
2319 2685 2347 2721 fi

1388 2731 1483 2765 lubet
1503 2756 1515 2774 ,
1541 2731 1624 2775 lapis
1647 2732 1830 2776 auspicatus
1856 2732 1891 2766 in
1915 2732 2138 2767 fundamenta
2176 2731 2345 2776 proscenii

1383 2777 1777 2822 coniiciendus2alioqui
1801 2777 1882 2822 quid
1907 2778 1978 2818 ejus
2003 2778 2093 2823 cippi
2117 2777 2264 2812 demiffio
2305 2775 2350 2811 fi-

1386 2823 1420 2856 bi
1448 2822 1534 2857 velit
1559 2834 1628 2857 non
1653 2822 1827 2867 intelligo.
1851 2823 1941 2869 Quid
1960 2824 1982 2858 fi
2002 2823 2064 2858 hoc
2080 2822 2214 2857 demum
2239 2822 2350 2866 ipsum

1389 2870 1611 2912 anaglyptum
1639 2869 1724 2912 lapis
1746 2869 1933 2912 auspicatus
1957 2869 2083 2904 fuerit:
2108 2879 2177 2914 quo
2201 2868 2238 2902 in
2255 2867 2348 2912 lapi-

1392 2915 1433 2948 de
1459 2916 1561 2949 ritum
1588 2914 1694 2958 ipsum
1718 2914 1920 2949 demittendi
1945 2915 2031 2959 cippi
2069 2914 2258 2958 expressum
2284 2924 2350 2949 vo..

1392 2961 1497 2995 luerit
1521 2960 1680 2996 Lucceius
1701 2960 1714 2996 ?
1741 2960 2033 3006 Quemadmodum
2069 2960 2226 2994 columna
2251 2959 2310 2994 illa
2333 2984 2351 3004 ,

1397 3017 1497 3051 quarn
1521 3006 1735 3051 amplissimus
1773 3005 1964 3041 cardinalis
2004 3007 2238 3041 NICOLAVS
2265 3006 2352 3058 (ἰᾼ-

1400 3054 1665 3092 RACCIOLVS
1715 3062 1888 3100 nunquam
1924 3053 2120 3090 interiturae
2159 3061 2349 3134 memgssfl

2299 3108 2351 3138 m·
